2964 4890
592 333 815 392 ..37-

115 612 178 679 Ph.
199 617 283 676 1007
309 599 367 675 οἷά
379 613 413 692 μ’
437 619 551 678 contra
574 620 713 679 metrum
734 613 901 696 LGVatb,
917 545 1034 679 ὀἷὲενΑ
1059 611 1113 700 [ον
1136 632 1300 695 superscr.

115 715 305 804 corrector],
331 719 374 782 V³
400 709 466 799 οἶμ’
489 710 644 801 dantiae
667 720 753 798 Vct,
776 717 851 791 οἵως
867 721 914 803 V„
940 705 985 782 οἷ’
1002 699 1043 782 αὖ
1057 721 1090 801 μ’
1117 721 1299 786 Hermann.

117 860 160 872 -
196 826 281 891 Phil.
319 832 401 891 1381
439 827 543 897 καλῶς
583 834 686 892 metro
726 826 924 893 contrarium
960 827 1179 892 miniatum
1217 827 1296 893 libri

116 932 263 1014 Triclin,
303 927 374 995 κάλ’
413 933 534 1014 911111,
574 933 673 1018 iciod’
714 932 859 999 Dindorf.
899 969 942 978 -
981 935 1040 1000 Ph.
1083 940 1168 1000 1390
1208 930 1301 1014 dyoy*

117 1033 327 1123 οὕκατρείδας
364 1040 446 1124 LlV,
487 1035 550 1119 ἐγώ
586 1039 611 1120 γ’
648 1034 707 1103 οὐκ
745 1031 896 1123 depoldus
935 1040 964 1106 G
971 1092 979 1124 ,
1020 1036 1107 1120 ἔγωγ’
1146 1035 1301 1123 ἅτρείδας

117 1147 309 1226 ABVat.V³,
345 1140 405 1226 ἐγώ
438 1140 497 1208 οὐκ
527 1138 686 1229 Ἀτρείδας
715 1146 863 1213 Diudorf.
897 1152 941 1193 -ὲ
972 1148 1087 1213 Traoh.
1120 1153 1182 1212 205
1217 1142 1300 1211 cino--

115 1248 265 1326 λολύξετε
299 1248 415 1332 δόμοις
448 1254 564 1337 udin,
599 1248 820 1327 α’νολολύξατε
854 1250 968 1333 δόμοις
1001 1255 1180 1337 iuncum,
1215 1249 1299 1317 doo-

114 1355 280 1434 λολυξάτω
305 1358 406 1439 δόμος
436 1360 584 1426 Dindori.
616 1397 660 1407 -
691 1361 744 1426 Tr.
770 1367 835 1426 894
868 1355 909 1424 ἄν
933 1357 1043 1446 ἕορτος
1066 1362 1103 1444 L,
1140 1353 1300 1445 ἀνέορτος·

115 1467 308 1547 Anulum,
333 1460 487 1550 ἆνὲορτος
509 1468 565 1551 ln,
593 1460 614 1530 oi
638 1472 770 1551 νέορτος
792 1469 930 1548 primum
955 1468 1079 1534 editum
1101 1469 1137 1533 in
1160 1469 1301 1534 Iuntina

117 1594 165 1655 pr.
188 1592 229 1639 ex
252 1574 351 1639 schol.

223 1681 408 1760 Aliquoties
432 1681 556 1747 medela
587 1681 685 1747 alicui
709 1683 923 1764 grammatico
952 1684 1004 1747 vel
1029 1683 1163 1747 librario
1186 1688 1300 1763 poste·

114 1777 238 1853 riorum
262 1799 442 1869 temporum
468 1789 645 1870 contigisse
669 1789 808 1872 videtur,
834 1808 905 1854 cum
931 1789 1104 1854 emendata
1129 1790 1224 1854 lectio
1240 1789 1299 1854 hio

115 1895 184 1960 illio
206 1894 241 1959 in
266 1895 375 1960 codice
406 1895 513 1976 aliquo
544 1893 710 1961 inferioris
744 1904 841 1962 uotae
864 1897 1062 1977 inveniatur,
1099 1915 1196 1976 quem·
1218 1914 1298 1977 apo·

116 2002 277 2084 graphum
305 2001 520 2068 Laurentiani
544 2004 572 2069 L
600 2003 654 2069 vel
686 2004 772 2068 alius
801 2004 920 2069 codicis
950 2004 1020 2068 noti
1054 2021 1126 2068 esse
1157 2011 1294 2069 constat.

115 2110 296 2175 Nonnullos
331 2110 485 2174 eiusmodi
522 2110 610 2175 locos
645 2111 825 2191 composuit
852 2110 997 2192 Lipsius,
1034 2109 1073 2174 de
1108 2111 1204 2190 Soph.
1233 2129 1298 2176 em.

120 2234 220 2296 praes.
244 2237 273 2298 p.
300 2222 351 2281 14.

224 2324 296 2388 Huc
320 2323 455 2406 accedit,
492 2332 529 2388 ut
559 2341 670 2388 omnes
701 2323 791 2388 codd.
816 2323 985 2405 Sophoclis
1016 2321 1148 2388 fabulas
1180 2325 1293 2390 eodem

122 2427 189 2495 fere
211 2430 320 2496 ordine
343 2439 377 2495 et
400 2430 594 2495 scholiorum
617 2430 699 2495 nihil
717 2431 856 2511 amplius
873 2432 1062 2512 praebeant,
1086 2449 1182 2510 quam
1207 2431 1296 2511 quod

115 2533 149 2598 in
172 2535 201 2600 L
223 2539 383 2619 exstat.*)

222 2642 339 2708 Omnia
363 2646 443 2711 haec
466 2653 660 2726 argumenta
683 2645 913 2726 reputantibus
937 2645 1031 2710 uobis
1055 2644 1135 2709 nihil
1161 2646 1298 2709 obstare

114 2748 255 2824 videtur,
281 2753 450 2832 quominus
472 2771 583 2817 omues
599 2752 690 2818 codd.
706 2772 746 2818 ex
764 2772 826 2818 uno
842 2753 880 2836 L,
907 2772 970 2817 uuo
995 2753 1048 2818 vel
1071 2753 1298 2832 compluribus·

113 2858 313 2938 apographis
337 2859 530 2942 interiectis,
556 2859 689 2925 fluxisse
713 2860 946 2941 existimemus,
981 2860 1028 2924 ita
1052 2866 1089 2924 ut
1113 2878 1233 2942 omues,
1264 2859 1294 2924 si

111 2962 257 3043 imagine
282 2966 421 3045 quadam
445 2968 600 3031 librorum
632 2967 787 3047 originem
821 2967 994 3048 designare
1019 2967 1106 3048 licet,
1140 2967 1210 3032 sive
1234 2986 1298 3046 pro

112 3068 188 3134 filiis
212 3070 283 3136 eive
307 3091 365 3153 pro
389 3074 562 3154 nepotibus
586 3073 727 3138 uniusL
751 3073 892 3138 habendi
916 3074 990 3137 sint.
1031 3071 1123 3154 Quod
1149 3080 1187 3138 ut
1209 3075 1298 3138 satis·

110 3177 339 3258 perspiciatur,
364 3181 428 3244 iam
453 3181 492 3244 ad
511 3180 707 3260 reliquorum
726 3181 882 3245 librorum
899 3180 1040 3244 indolem
1058 3181 1294 3261 explorandam

111 3284 246 3365 aggredi
273 3304 353 3366 opus
378 3287 449 3352 erit.

671 3519 732 3584 ΙΠ.

222 3686 225 3692 ’
326 3641 389 3736 Ilo
422 3641 576 3739 oodioe
608 3642 818 3739 Parisino
851 3650 951 3740 2712
984 3640 1075 3764 (A).

218 3818 370 3884 Omnium
394 3820 550 3886 librorum
575 3828 709 3903 excepto
733 3822 760 3886 L
785 3822 1087 3903 praestantissimus
1115 3829 1167 3887 est
1190 3823 1295 3888 codex

107 3924 282 3990 Parisinus
308 3932 405 4010 2712,
438 3928 601 3994 litteraA
635 3934 816 4010 praeeunte
838 3929 1005 3993 Brunckio
1036 3932 1077 3995 ab
1108 3928 1296 3994 editoribus

107 4030 276 4114 signatus,
325 4034 380 4113 qui
419 4035 494 4099 olim
534 4037 750 4101 Memmianus
790 4042 853 4100 515
894 4055 980 4100 nunc
1017 4036 1050 4101 iu
1090 4036 1290 4101 bibliotheca

108 4138 290 4206 Parisiensi
314 4147 514 4208 asservator.
560 4144 600 4207 Iu
626 4149 690 4208 324
714 4144 911 4208 membranis
942 4143 1117 4226 diligenter
1147 4143 1296 4223 scriptus

106 4263 152 4271 ‚a-

171 4315 196 4380 *)
217 4318 258 4372 De
276 4318 384 4373 scholiis
403 4318 500 4373 codicis
519 4319 543 4373 G
562 4318 595 4374 cf.
614 4336 671 4387 cap.
690 4319 738 4376 IV.
