2964 4890
672 385 713 396 ..
762 354 891 453 pp...

194 547 380 609 octonorum
408 541 566 608 ,loliorum
602 545 744 624 quinque
778 543 866 610 foliis
899 544 1032 628 additis,
1069 545 1233 626 Apollonii
1265 550 1379 626 Argo·-

194 651 328 716 nautica·
346 651 396 715 -in-
430 670 544 717 novem
570 651 675 732 planis
700 651 969 737 quaternionibus
1002 658 1189 717 octonorum
1218 651 1377 716 soliorum.

195 757 458 823 duobustcliis.
482 758 619 822 adiectis
668 764 805 822 exarata
840 776 919 823 esse.
979 758 1085 839 Opera
1120 759 1223 838 igitur
1258 758 1379 824 unius-⁴

195 865 480 944 cuiusquentlinm
512 870 680 946 poetarum
704 883 849 930 seorsum
880 866 914 929 in
938 866 1062 930 recenti
1086 866 1298 945 quaternione
1320 865 1374 928 in·-

196 972 330 1052 cipiunt'.
349 970 469 1052 ernae
491 991 544 1036 res
569 991 640 1036 eam
669 973 708 1036 ob
733 990 862 1036 causam
893 972 942 1035 ita
964 973 1120 1037 instituta
1144 973 1284 1055 videtur,
1321 979 1378 1051 ut,.

193 1079 222 1143 si
246 1076 667 1159 quandotrium'poetarum
681 1096 779 1159 opera
804 1079 988 1144 discernere
1011 1081 1164 1160 placeret,
1190 1079 1320 1144 facilius
1335 1079 1369 1143 id

192 1186 264 1251 fieri
288 1192 405 1266 posset.
436 1185 503 1249 'Ex
518 1186 560 1250 iis
576 1185 671 1267 onim,
686 1203 779 1265 ‚quae
794 1183 882 1249 infra
899 1185 1148 1269 disputabimus,
1173 1186 1255 1251 satis
1269 1205 1378 1267 appa·-

192 1293 288 1373 rebit,
323 1292 502 1356 librum.L.
526 1311 545 1355 a
570 1292 672 1371 primo
706 1291 800 1356 initio
831 1300 898 1357 tres
923 1298 1035 1372 poetas
1060 1293 1261 1373 complexum
1286 1311 1374 1357 esse..

194 1448 197 1453 ·
233 1431 235 1434 ’
299 1417 392 1481 Nihil
405 1416 619 1481 ‘tribuendum
647 1417 777 1481 videtur
807 1418 960 1498 numeria
998 1418 1115 1497 quibus
1139 1417 1217 1483 folia
1249 1417 1379 1481 codicis.

192 1525 227 1588 in
251 1525 428 1604 superioris
462 1525 618 1606 marginis
642 1525 772 1606 angulis
796 1525 928 1604 signata
953 1532 1030 1590 sunt
1062 1534 1094 1590 et
1119 1543 1199 1605 quos
1223 1525 1371 1605 duplices

193 1631 318 1710 aliquot
357 1631 437 1694 locis
472 1631 664 1696 invenimus.
722 1631 817 1695 Folia
857 1633 941 1696 enim
980 1632 1234 1712 uniuscuiusque
1259 1632 1367 1724 'trium

193 1747 361 1819 poetarum
393 1757 456 1802 non
488 1738 590 1802 solum
616 1756 759 1803 seorsum
791 1745 963 1804 numerata
995 1746 1081 1821 sunt,
1118 1740 1175 1804 sed
1200 1739 1369 1820 Sophoclis

192 1845 482 1910 foliorum-numeri
501 1845 734 1924 posterioribus
757 1847 956 1926 temporibus
981 1847 1078 1910 etiam
1104 1846 1137 1910 in
1161 1845 1259 1927 follia,
1285 1865 1370 1925 quae

192 1952 390 2032 Aeschylum
414 1959 447 2016 et
471 1952 678 2032 Apollonium
703 1951 868 2032 exhibent,
896 1953 1078 2016 continuati
1102 1962 1187 2016 sunt.
1234 1953 1368 2016 Numeri

192 2059 345 2122 arabicae
382 2061 477 2138 quain
517 2057 654 2122 dicimus
694 2065 728 2122 et
763 2058 955 2122 recentioris
993 2057 1116 2122 formae
1155 2059 1366 2139 posteriorem

192 2152 454 2246 originalisprae
477 2183 512 2229 se
536 2163 649 2228 ferunt
673 2169 706 2228 et
730 2165 851 2229 nullius
875 2165 1030 2230 momenti
1058 2172 1135 2230 sunt
1159 2166 1201 2230 ad
1224 2171 1373 2230 aetatem

192 2271 311 2336 codicis
336 2271 582 2336 ³²definiendanr.
655 2272 833 2351 Antiquior
883 2272 1075 2337 numerandi
1127 2273 1254 2356 modus,
1311 2274 1367 2353 qui

192 2362 474 2459 poetas-seorsum
507 2385 634 2443 tantum
659 2372 822 2462 respicit?
841 2398 878 2444 eo
903 2386 1048 2459 ternpore
1075 2377 1184 2444 iactus
1208 2386 1267 2461 est,
1304 2399 1366 2459 quo

191 2486 275 2550 liber
298 2486 336 2550 L,-
363 2486 426 2550 iam
458 2487 589 2566 integer
620 2493 702 2567 erat,
738 2486 834 2550 alteri
864 2487 991 2551 numeri
1021 2492 1125 2550 totum
1158 2505 1216 2566 per
1246 2487 1364 2549 librum

192 2578 321 2672 scripti
341 2578 381 2656 et·
408 2610 639 2670 nonnunquam
677 2592 855 2656 oblitterati
907 2599 955 2655 tot
989 2589 1070 2655 folia
1106 2592 1247 2674 signant,
1286 2600 1365 2671 quot

192 2699 290 2763 etiarn
316 2715 404 2761 nunu
425 2697 590 2762 habemus.

298 2811 464 2887 Iacturam
501 2822 586 2886 enim
623 2822 758 2888 duorum
794 2822 1042 2902 quaternionum
1079 2834 1206 2907 passae,
1251 2860 1280 2868 -
1313 2842 1368 2888 en·

193 2929 342 2994 ciderunt
388 2930 559 3009 quaternio
606 2929 886 2994 duodevicesimus
934 2935 1022 2995 totus
1060 2937 1094 2996 et
1134 2931 1366 2998 undevicesimi

191 3037 348 3101 interiora
381 3055 438 3102 sex
470 3035 549 3101 folia
573 3073 625 3120 -,
651 3056 738 3101 nunc
772 3043 864 3102 caret
896 3039 998 3104 codex
1030 3040 1179 3105 uersibus
1210 3037 1367 3118 Aeschyli

192 3144 446 3225 Agamemnonis
478 3149 675 3208 298-1019
708 3150 743 3208 at
773 3144 807 3209 in
838 3152 983 3211 extrema
1015 3147 1126 3213 eadem
1157 3147 1269 3210 fabula
1301 3151 1366 3208 530

190 3251 340 3315 versibus
358 3247 399 3336 [ν.
413 3246 657 3334 1114-1644],
682 3250 761 3315 item
779 3251 1039 3332 Choephororum
1057 3253 1151 3318 initio
1174 3249 1218 3338 [v.
1233 3250 1366 3335 l-ldl.

191 3357 357 3421 Lacunam
378 3358 483 3422 illam
514 3357 579 3422 iarn
616 3357 761 3437 antiquis
796 3358 1009 3440 temporibus,
1045 3359 1234 3440 priusquam
1266 3359 1366 3423 codex

192 3483 219 3528 a.
250 3468 334 3528 1423
369 3463 401 3527 in
433 3465 563 3528 ltaliam
597 3463 779 3528 translatus
813 3474 873 3548 est,
909 3466 1075 3547 accidisse,
1112 3465 1293 3531 certissime
1325 3484 1367 3530 ex

191 3553 335 3653 epistola
352 3571 554 3636 Traversarii
580 3571 772 3652 colligimus,
798 3571 855 3650 qui
878 3571 1015 3637 eundern
1040 3571 1110 3637 fere
1134 3571 1285 3638 foliorum
1310 3573 1365 3653 qui

191 3676 287 3742 hodie
319 3685 469 3757 superest
500 3697 669 3743 numerum
694 3685 727 3742 et
750 3695 808 3742 sex
832 3683 960 3743 tantum
984 3680 1139 3762 Aeschyli
1169 3679 1298 3745 fabulas
1330 3681 1365 3745 in

190 3785 288 3849 Laur.
328 3791 496 3850 exstantes
539 3791 780 3866 commemorat,
828 3787 1102 3865 Agamemnonem
1141 3787 1292 3852 nimirum
1332 3795 1366 3853 et

192 3891 397 3971 Choephoros
442 3909 538 3955 unam
583 3890 728 3956 fabulam
774 3891 975 3959 existimans.
1032 3893 1203 3975 Complura
1248 3894 1374 3960 deinde·

189 3997 346 4079 Aeschyli
375 3999 562 4079 apographa
591 4016 673 4063 saec.
698 3997 761 4063 XV
786 4016 826 4063 ex
849 3997 887 4065 L.
911 3997 1076 4083 descripta
1099 4001 1214 4067 iisdem
1237 4001 1366 4066 lacunis

190 4105 339 4169 laborare
367 4104 516 4171 videmus
554 4102 605 4191 [ut
629 4105 696 4170 cod.
721 4105 885 4171 Guelferb.
909 4103 975 4192 88],
1012 4109 1098 4174 unde
1126 4114 1270 4189 apparet,
1307 4109 1366 4172 illa

189 4211 404 4277 Laurentiani
429 4211 507 4297 folia
531 4230 614 4276 saec.
637 4211 701 4277 XV
726 4212 791 4277 iam
816 4212 1033 4280 intercidisse.

297 4318 473 4384 Praeterea
496 4317 716 4389 adnotandum
740 4324 800 4402 est,
836 4320 900 4387 duo
923 4321 1028 4402 prima
1051 4318 1132 4386 folia
1153 4320 1231 4386 libri
1254 4320 1292 4403 L,
1328 4319 1372 4386 iu⁴
