2964 4890
674 302 897 360 ,50-

199 492 415 576 archetypo*)
448 498 508 559 aut
530 512 571 558 ex
594 492 692 559 huius
718 492 795 557 libri
819 491 1005 574 apographo
1039 508 1112 555 eum
1136 506 1285 553 manasse
1310 487 1389 569 opi·
1418 530 1422 538 -

198 608 305 666 natur.
314 598 366 684 **)
426 601 464 665 A.
500 598 640 682 Seyffert
679 599 826 681 denique¹
854 597 952 664 ultra
979 614 1169 678 progressus
1209 594 1311 660 codici
1346 593 1390 681 Gr

165 698 168 705 ’
198 725 333 788 prorsus
356 706 518 773 diversam
545 709 587 771 ab
609 708 637 771 L
661 706 819 788 originem
845 704 1074 771 vindicandam
1097 721 1169 769 esse
1192 709 1313 768 censet.

305 833 353 896 Ac
377 832 516 913 primum
541 831 670 913 quidem
697 835 734 896 A.
759 829 900 913 Seyffert
932 837 1045 895 contra
1069 828 1271 894 Diodorfium
1303 845 1413 913 conf

198 937 313 1020 tendit,
348 938 467 1003 librum
496 938 525 1004 G
557 957 620 1002 non
652 957 693 1003 ex
717 939 754 1021 L,
793 937 912 1019 quippe
944 937 999 1016 qui
1032 935 1221 1000 minusculis
1254 933 1389 999 litteris-

198 1051 351 1110 exaratus
375 1045 428 1126 sit,
465 1045 605 1111 exscribi
630 1045 785 1127 potuisse,
822 1063 892 1109 cum
927 1043 1021 1109 multi
1054 1043 1124 1108 eius
1156 1059 1283 1107 errores
1310 1059 1388 1105 non.

197 1151 354 1231 explicari
379 1152 515 1234 possint,
540 1152 604 1217 nisi
618 1136 840 1233 'archetypum
866 1150 1049 1243 uncialibus
1072 1149 1193 1214 litteris
1217 1149 1384 1228 scriptum.

198 1259 317 1324 codicis
341 1259 562 1324 G'librarium
597 1266 673 1323 ante
704 1259 814 1323 oculos
846 1258 1000 1323 habuisse
1033 1256 1265 1321 existimemus.
1312 1255 1387 1320 Sed.

198 1366 263 1431 iam
288 1366 436 1449 Kvihala
473 1384 586 1430 censor
611 1364 761 1447 Seyfferti
793 1362 1121 1444 dissertationis***),
1157 1363 1247 1427 illam
1278 1380 1388 1443 argu·

199 1473 428 1538 mentationem
465 1471 582 1537 falsam
616 1490 696 1549 osse,
733 1473 815 1538 satis
850 1490 1012 1553 superque
1045 1470 1199 1550 ostendit,
1234 1476 1272 1535 ut
1303 1487 1387 1534 eam

197 1579 337 1659 amplius
362 1577 508 1644 refutare
532 1578 615 1643 nihil
638 1580 670 1644 h.
695 1580 715 1643 l.
740 1597 820 1659 opus
844 1579 897 1646 sit.

201 1720 204 1727 ’
304 1705 351 1769 At
373 1705 413 1769 A.
433 1703 572 1784 Seyffert
596 1705 670 1769 aliis
695 1704 811 1770 deinde
836 1706 1039 1785 argumentis
1063 1702 1257 1768 sententiam
1283 1720 1386 1767 suam

197 1811 336 1891 probare
360 1811 479 1876 studet.
526 1812 617 1891 „Non
633 1811 748 1890 pauci“
774 1811 883 1890 inquit
909 1811 1142 1893 „inveniuntur
1157 1809 1229 1890 loci,
1256 1803 1388 1889 quihus-

197 1917 225 1982 L
248 1917 406 1982 lectiones
438 1925 495 1983 aut
519 1926 632 1998 aperte
663 1926 835 1998 corruptae
858 1917 1072 1982 emendantur
1100 1926 1157 1982 aut
1181 1915 1252 1981 sine
1276 1915 1382 1981 dubio

196 2042 350 2105 perverse
381 2032 598 2089 commutatae
630 2025 841 2106 corriguntur
868 2025 959 2090 etin
983 2024 1127 2089 ordinem
1152 2023 1389 2088 restituuntur

198 2130 329 2196 unius
353 2130 473 2210 codicis
498 2131 528 2196 G
552 2131 778 2196 auctoritate.“
829 2132 891 2197 Sed
917 2131 1225 2196 contradicendum
1251 2136 1312 2212 est,
1338 2137 1388 2195 ut.

196 2237 259 2302 iam
284 2234 423 2302 Kvi'cala
445 2239 465 2304 l.
489 2258 515 2305 c.
539 2239 579 2303 de
604 2238 768 2304 nonnullis
791 2238 872 2304 locis
894 2245 985 2304 recte
1009 2239 1170 2321 exposuit,
1195 2238 1385 2316 permultas

199 2344 364 2425 lectiones
390 2363 470 2425 quas
486 2347 525 2410 A.
543 2344 683 2426 Seyffert
706 2345 740 2409 in
764 2346 883 2411 unoG
906 2364 1004 2410 veras
1029 2352 1159 2409 exstare
1182 2344 1383 2426 arbitratur,¹

198 2451 262 2515 iam
288 2451 366 2515 inL
390 2459 447 2516 aut
470 2470 490 2514 a
513 2452 690 2516 scholiasta
714 2433 793 2535 [ΒΣ]
819 2461 876 2518 aut
900 2472 919 2516 a
942 2470 1039 2516 manu
1060 2451 1194 2531 antiqua
1211 2457 1382 2517 correctas

198 2577 238 2623 ex
273 2560 333 2622 hoc
367 2559 451 2622 libro
486 2561 557 2639 ipso
592 2561 645 2625 vel
681 2560 846 2624 nonnullis
880 2558 1079 2640 apographis
1118 2557 1301 2622 interiectis
1336 2557 1374 2620 in-

198 2665 336 2730 codicem
361 2665 650 2744 Gtransscriptas
674 2684 746 2730 esse
770 2683 873 2744 posse.
919 2666 1031 2745 Neque
1064 2666 1149 2729 enim
1183 2682 1281 2730 causa
1311 2670 1376 2743 est.

198 2790 256 2837 cur
288 2790 351 2835 non
385 2776 546 2852 putemus,
580 2772 610 2837 G
641 2772 787 2852 aliosque
819 2772 919 2837 libros
953 2790 1027 2836 mss.
1052 2772 1144 2836 exL
1175 2790 1211 2836 eo
1246 2772 1376 2836 demum

196 2885 340 2959 tempore
371 2878 486 2943 ductos
519 2896 600 2961 esse,
636 2898 706 2943 oum
732 2878 760 2943 L
789 2898 851 2943 non
884 2881 986 2943 solum
1019 2878 1151 2943 scholiis
1181 2878 1381 2954 instructus.

196 2986 252 3050 sed
289 2985 387 3049 etiam
423 3004 442 3048 a
477 3004 575 3049 manu
609 2986 663 3051 vel
703 2986 853 3051 manibus
888 2986 1034 3065 antiquis
1069 2993 1102 3050 et
1137 2984 1384 3050 recentioribus
1479 3018 1481 3027 .

167 3091 389 3157 emendatus
424 3092 495 3157 sive
529 3091 728 3173 depravatus
764 3098 844 3157 erat.
901 3093 963 3157 His
1003 3099 1112 3157 autem
1150 3091 1228 3156 locis
1263 3109 1376 3156 veram

196 3199 367 3264 lectionem
384 3198 448 3264 iam
464 3198 497 3264 in
515 3199 544 3264 L
561 3218 579 3261 a
596 3199 772 3264 scholiasta
797 3200 848 3265 vel
872 3219 892 3263 a
916 3218 1012 3264 manu
1036 3199 1172 3278 antiqua
1196 3205 1379 3262 correctam

196 3306 391 3386 reperimus:
429 3306 480 3372 Αἰ.
506 3312 579 3371 379.
612 3301 747 3368 πάντων
778 3297 831 3369 αἐὶ
863 3307 899 3371 L.
946 3298 1106 3369 ἁπάντων
1128 3307 1156 3368 τ’
1180 3299 1232 3368 αἐὶ
1264 3323 1382 3369 acor-

196 3419 334 3495 rectore'3
370 3413 713 3479 GPalomnluerao.
738 3414 894 3494 plerique.
932 3410 935 3498 l
973 3413 1024 3477 Αἰ.
1050 3417 1123 3477 516.
1155 3406 1221 3476 ἀλλ’
1246 3405 1267 3485 ἡ
1289 3411 1318 3476 L
1341 3418 1386 3477 et·¹

197 3520 275 3600 pler.
300 3520 401 3602 codd„
438 3516 517 3605 ἄλλη
542 3523 627 3601 Aug.
653 3521 682 3585 h.
715 3527 749 3585 et
778 3526 863 3585 teste
887 3518 1140 3601 GampbellioG
1178 3517 1181 3592 ἰ
1217 3523 1255 3582 τέ
1276 3539 1317 3599 με
1345 3519 1385 3584 In

199 3733 283 3779 man.
306 3733 365 3797 pn,
400 3735 436 3778 τε
469 3734 487 3779 a
515 3734 599 3780 man.
633 3734 695 3781 rec.
727 3734 854 3780 erasum
888 3722 946 3781 est.
984 3647 1029 3777 ἵε
1056 3715 1078 3778 l.
1122 3734 1158 3778 τε
1187 3714 1286 3780 GPal.
1333 3734 1383 3795 pe

114 3911 116 3914 Ι
197 3820 514 3888 A.Vat.a.c.M.hl².
562 3822 680 3887 Veram
716 3823 888 3888 lectionem
920 3842 957 3885 τε
989 3822 1054 3887 iam
1083 3822 1268 3887 Lobeckius
1302 3839 1385 3886 com

196 3927 324 3993 iectura
346 3929 539 3994 restituerat
568 3925 572 4015 Ι
602 3929 653 3994 Αἱ.
678 3935 752 3994 825.
776 3929 889 4010 λαβεῖν
912 3929 1027 4012 mam,
1063 3928 1174 4008 λαχεῖν
1204 3935 1318 4010 postea
1340 3928 1384 3993 in

259 4103 285 4173 *)
304 4104 344 4158 De
362 4103 442 4172 Soph.
462 4120 511 4158 em.
530 4120 570 4171 pr.
590 4121 615 4171 p.
635 4106 678 4160 13.

200 4183 203 4187 ’
245 4191 285 4264 **)
304 4193 374 4261 App.
393 4192 472 4261 Soph.
492 4192 579 4260 suppl.
598 4210 624 4260 p.
643 4194 669 4247 3.

230 4280 285 4351 ***)
304 4282 407 4337 Ztschr.
426 4281 444 4339 i.
465 4289 531 4338 ocst.
551 4281 647 4349 Gymn.
666 4282 684 4336 l.
704 4298 726 4336 o.
