2964 4890
635 326 856 391 ...21-

155 516 310 582 veritatis
334 517 442 598 specie
466 535 599 598 prorsus
624 517 897 594 commendentur,
922 519 963 582 ab
986 518 1135 583 omnibus
1152 517 1336 582 editoribus

155 623 190 688 in
215 630 338 689 textum
364 630 514 704 receptae
542 625 620 691 sint.
670 623 809 691 Etiamsi
840 624 1042 705 singulorum
1078 625 1249 690 verborum
1280 623 1336 688 de·

157 729 265 796 iectus
297 730 369 796 sine
394 749 514 813 magno
541 732 674 813 negotio
705 749 746 797 ex
761 729 871 796 'metro
896 731 984 797 laeso
1008 731 1156 813 intellegi
1189 738 1222 796 et
1254 750 1333 797 vera

158 838 324 919 scriptura
335 839 524 920 plerumque
537 838 633 905 facile
646 838 826 920 excogitari
839 838 955 922 potuit,
969 845 1077 904 tamen
1090 838 1333 904 emendationes

159 963 267 1026 saepe.
280 945 436 1010 eiusmodi
461 952 547 1026 sunt,
572 956 608 1010 nt
632 944 822 1011 facultatem
847 945 1049 1027 correctoris,
1079 963 1173 1024 quam
1199 964 1240 1009 er
1262 945 1337 1009 uni-

159 1070 255 1119 versa
288 1051 358 1117 eius
394 1071 492 1133 opera
527 1052 687 1133 norimus
723 1052 879 1117 excedere
914 1060 945 1117 et
982 1071 1021 1117 ex
1057 1052 1166 1117 codice
1194 1052 1333 1132 quodam

158 1159 296 1229 haustae
338 1158 521 1227 videantur.
583 1159 699 1240 Itaque
736 1177 800 1223 non
840 1160 992 1224 abhorret
1031 1179 1051 1224 a
1088 1159 1334 1240 probabilitate,

157 1264 326 1330 librarium
343 1265 435 1331 illum
451 1265 485 1330 in
503 1266 588 1330 omni
605 1265 789 1346 corrigendi
804 1267 946 1346 negotio,
971 1266 1071 1331 etiam
1096 1267 1128 1330 in
1153 1266 1335 1332 levioribus

155 1372 320 1438 erroribus
351 1372 513 1455 tollendis,
550 1373 668 1437 librum
693 1391 759 1454 ms,
794 1380 829 1437 ut
859 1373 938 1437 mihi
963 1373 1093 1438 videtur
1115 1373 1332 1439 Laurentiani

155 1480 380 1562 archetypum,
406 1479 601 1545 adhibuisse.

184 1698 235 1760 10.
261 1693 319 1759 De
343 1691 467 1760 variis
491 1691 723 1768 lectionibus
748 1712 773 1757 a
796 1711 917 1758 manu
941 1693 1114 1758 secunda
1138 1693 1309 1789 adiectis.

263 1838 399 1904 Praeter
430 1839 488 1902 has
517 1844 599 1918 quas
628 1837 945 1902 commemoravimus
977 1837 1193 1902 correctiones
1217 1855 1335 1902 manus

156 1946 298 2011 secunda
315 1964 465 2028 magnam
482 1944 648 2009 variarum
664 1943 838 2008 lectionum
855 1944 1095 2009 multitudinem
1122 1960 1248 2023 semper
1264 1943 1335 2009 fere

156 2071 229 2117 cum
252 2053 337 2134 sigla
360 2059 454 2136 „tef‘
478 2052 530 2117 vel
554 2072 624 2135 2279·
649 2050 727 2112 καὶ“
751 2051 820 2116 sive
842 2051 930 2115 inter
953 2069 1067 2116 uersus
1090 2051 1196 2115 textui
1220 2068 1333 2130 super·

159 2160 292 2238 scripsit
323 2159 392 2224 sive
425 2159 460 2225 in
490 2159 637 2239 margine
668 2158 847 2224 adnotavit.
900 2159 950 2223 De
980 2175 1059 2222 nota
1091 2157 1335 2238 compendiaria

161 2284 210 2346 γρ.
234 2264 297 2328 iam
321 2264 506 2330 Dindorfius
528 2277 618 2331 recte
641 2265 802 2330 iudicavit
826 2262 942 2351 [praef.
966 2265 1014 2330 ed.
1039 2264 1090 2329 ΙΙΙ
1114 2265 1217 2330 Oxou.
1242 2259 1330 2329 '1860

162 2371 224 2436 vol.
255 2369 284 2453 I]
320 2389 427 2437 vocem
460 2374 516 2435 καὶ
550 2391 649 2453 saepe
683 2372 825 2437 additam
864 2372 978 2438 docere
1013 2365 1230 2454 ‚ffdoiomnr‘t
1266 2390 1332 2436 non

159 2481 369 2558 ‚panaceam
397 2478 651 2560 intellegendum
683 2498 763 2545 esse.
815 2479 877 2545 Illo
905 2480 1009 2561 igitur
1038 2479 1132 2560 signo
1166 2478 1332 2543 diorthota

157 2585 211 2649 rel
241 2585 396 2651 librarius
423 2607 487 2651 non
518 2588 705 2669 significare
731 2589 875 2669 uolebat,
912 2588 971 2652 bas
995 2586 1153 2652 lectiones
1176 2604 1272 2651 veras
1297 2594 1333 2650 et

156 2692 358 2757 necessarias
374 2694 427 2759 vel
442 2694 475 2757 in
494 2701 622 2761 textum
644 2694 849 2775 recipiendas
872 2713 953 2777 esse,
979 2694 1035 2759 sed
1058 2686 1212 2758 iudicium
1237 2711 1331 2757 suum

158 2798 309 2863 cohibens
332 2798 507 2883 referebat,
532 2802 566 2865 in
586 2802 659 2866 aliis
676 2802 771 2866 libris
787 2820 860 2866 mss.
877 2802 998 2866 exalia
1015 2807 1126 2866 textus
1143 2800 1334 2865 recensione

158 2904 312 2985 profectis
329 2906 388 2970 has
405 2915 439 2971 et
454 2908 512 2971 has
531 2908 685 2973 lectiones
701 2914 839 2972 exstare.
878 2908 1016 2972 Tertum
1037 2912 1145 2972 antem
1162 2906 1333 2986 Sophoclis

156 3020 194 3076 ut
208 3020 331 3092 ,poetae
362 3014 491 3094 scenici,
526 3015 616 3078 cuius
647 3014 778 3079 fabulae
809 3015 908 3079 otiam
933 3015 1078 3094 proximo
1107 3024 1181 3094 post
1204 3014 1329 3101 obitum

155 3120 227 3185 eins
249 3127 396 3200 tempore
420 3139 575 3200 persaepe
600 3121 714 3186 doctae
739 3139 810 3187 esse
833 3123 1055 3203 perhibentur,
1090 3121 1332 3201 ,antiquissimis

153 3226 219 3291 iam
248 3227 450 3308 temporibus
479 3229 519 3291 ab
545 3229 724 3300 actoribus,
758 3229 992 3310 posterioribus
1016 3229 1155 3293 saeculis
1180 3247 1199 3291 a
1223 3246 1331 3309 gram·

152 3333 291 3414 maticis,
318 3343 361 3414 ct,
386 3335 535 3413 quoniam
552 3335 664 3399 nullus
680 3336 773 3418 liber,
798 3337 872 3400 dum
890 3354 986 3415 saepe
1003 3335 1210 3415 describitur,
1235 3353 1327 3399 suam

152 3448 267 3505 servat
294 3439 442 3523 formam,
477 3461 497 3505 a
527 3442 673 3508 librariis
705 3443 853 3522 plurimis
887 3443 969 3507 locis
999 3449 1157 3507 mutatum
1192 3459 1263 3507 esse
1295 3449 1331 3506 et

152 3547 279 3613 codices
302 3566 367 3612 non
392 3566 519 3628 semper
543 3550 671 3614 easdem
696 3550 851 3615 lectiones
868 3548 1057 3629 praebuisse
1073 3556 1329 3628 consentaneum

151 3660 211 3719 ast.
258 3655 436 3720 Praeterea
467 3657 672 3746 grammatici
703 3657 917 3737 posteriorum
944 3656 1118 3735 praecipue
1146 3663 1328 3735 temporum

106 3848 110 3855 .
149 3759 270 3827 Graeci
295 3762 452 3825 sermonis
476 3781 591 3843 parum
615 3764 722 3845 periti,
759 3763 787 3827 si
820 3762 904 3842 quod
935 3763 1103 3843 antiquum
1136 3762 1189 3826 vel
1220 3762 1330 3826 rarius

149 3868 345 3933 vocabulum
373 3868 414 3931 iis
444 3881 637 3960 occurreret,
674 3870 831 3935 notiorem
865 3888 976 3935 vocem
1008 3869 1260 3951 superscribere,
1298 3869 1328 3933 si

149 3974 229 4054 quid
253 3974 287 4037 iu
310 3975 408 4038 rebus
434 3984 491 4039 aut
515 3977 548 4040 in
572 3977 682 4043 verbis
706 3977 932 4057 explicandum
955 3976 1132 4055 videretur,
1157 3975 1329 4058 adnotare,

150 4081 310 4162 quidquid
333 4101 395 4146 non
420 4083 502 4147 satis
526 4094 614 4151 recte
637 4085 811 4165 procedere
834 4085 1018 4168 videbatur,
1043 4103 1102 4166 pro
1126 4103 1185 4149 sua
1206 4084 1327 4165 peritia

149 4188 312 4271 expedire,
345 4189 479 4255 lacunas
514 4209 572 4271 pro
608 4211 668 4256 sua
700 4190 860 4257 facultate
887 4193 1018 4273 explere
1051 4192 1209 4257 solebant.
1262 4192 1327 4256 illa

146 4295 383 4381 additamenta,
407 4299 599 4380 plerumque
622 4318 711 4365 mera
735 4300 943 4383 glossemata,
974 4319 993 4366 a
1016 4299 1161 4365 librariis
1184 4297 1329 4364 indoctis
