2964 4890
627 325 848 392 ..96-

150 519 337 586 lectoribus
361 522 578 605 excogitatas,
615 523 670 589 sed
700 541 740 588 ex
772 523 934 588 codicibus
962 522 1153 601 quibusdam
1188 523 1337 587 haustas

152 645 231 692 esse.
278 627 339 693 Sed
365 629 492 694 etiamsi
518 630 579 694 hoc
595 626 753 695 Kvicalae
780 629 1015 695 concedendum
1042 636 1102 709 est,
1128 635 1235 693 tamen
1260 629 1328 694 viri

152 733 330 800 doctissimi
355 735 534 818 disputatio
558 755 619 801 nou
644 737 725 801 illud
749 737 868 818 tangit,
894 736 977 816 quod
1000 735 1091 814 quasi
1110 736 1206 800 cardo
1222 735 1332 801 totius

151 840 356 920 quaestionis·
375 849 435 925 est,
465 842 538 908 illos
560 844 663 908 libros
687 862 770 927 mss,
804 862 844 908 ex
868 843 984 922 quibus
1007 842 1084 906 illae
1108 843 1334 907 correctiones-

151 946 268 1013 dnctae
299 950 375 1031 sint,
411 949 500 1014 nullo
530 951 624 1014 modo
654 951 855 1032 antiquiores
885 949 986 1014 fuisse
1014 950 1122 1015 codice
1150 950 1186 1014 L.
1240 951 1330 1014 Nam

141 1040 198 1119 'illi
229 1062 426 1121 correctores
456 1057 488 1121 in
518 1057 755 1122 levissimorum
783 1057 935 1122 vitiorum
969 1057 1224 1122 correctionibus
1252 1075 1336 1121 ver*

151 1168 276 1244 santur,
302 1181 435 1242 quornm
460 1164 585 1229 medela
608 1164 704 1228 etiam
728 1164 799 1229 sinc¹
814 1164 1010 1245 antigrapho
1027 1182 1067 1228 ex
1084 1169 1185 1228 metro
1202 1163 1336 1227 violato

151 1275 208 1333 attt
232 1286 273 1332 ex
296 1271 468 1335 verborum
493 1277 648 1335 contextu
671 1271 808 1350 reperiri
832 1276 971 1352 poterat,
996 1270 1044 1333 ita
1069 1279 1106 1334 ut
1123 1270 1202 1333 viris
1219 1269 1336 1334 doctis¹

150 1382 282 1440 nostrae
313 1377 433 1440 aetatis
457 1376 528 1442 sine
551 1377 648 1441 dubio
678 1378 878 1457 contigisset.
925 1377 1159 1442 Locosautem
1188 1377 1330 1456 gravius

150 1479 319 1564 corruptos
349 1483 398 1548 illi
430 1484 604 1564 magistelli
634 1503 792 1564 nusquam
825 1503 865 1549 ne
888 1490 1019 1549 tentant
1043 1485 1169 1564 quidem
1194 1501 1329 1566 sanare,

150 1590 302 1670 qnoniam
335 1590 368 1655 id
397 1589 572 1656 facultates
603 1609 712 1656 eorum
744 1593 845 1656 multo
875 1591 1060 1656 excedebat.
1106 1591 1195 1656 Nihil
1220 1592 1336 1671 igitur·

149 1697 296 1780 interest,
322 1703 430 1763 utrum
448 1698 662 1763 Laurentiani
678 1705 876 1764 correctores
897 1699 959 1778 ipsi
984 1699 1058 1762 illas
1082 1699 1330 1766 emendationes

149 1803 336 1868 invenerint
360 1823 400 1869 an
426 1823 466 1869 ex
489 1805 583 1870 libris
606 1823 680 1870 mss
703 1806 737 1869 in
761 1806 797 1871 L.
821 1806 1000 1870 intulerint.
1039 1805 1125 1870 Illud
1149 1807 1233 1869 enim
1258 1826 1333 1871 non,

150 1910 363 1975 dubitandum
402 1919 466 1990 est,
507 1911 584 1991 quin
624 1911 672 1976 illi
708 1912 783 1976 libri
817 1913 1074 1977 Laurentianum
1116 1921 1224 1978 aetate
1259 1933 1325 1979 uon

148 2018 377 2096 superaverint
402 2024 435 2081 et
459 2017 535 2082 illae
567 2019 781 2083 correctiones
804 2018 845 2083 ad
870 2019 1101 2100 grammaticos
1131 2019 1328 2085 referendae

148 2123 231 2205 sint,
289 2124 483 2204 praesertim
536 2143 608 2189 cum
661 2125 945 2208 perpenderimus,
1005 2126 1144 2190 codicem
1196 2145 1328 2207 quoque

147 2230 406 2296 Laurentinnnm
436 2237 533 2312 31,10
564 2229 611 2317 [1],
649 2250 742 2313 quem
772 2251 812 2297 ex
839 2233 866 2298 L
895 2233 966 2313 ipso
996 2241 1054 2297 aut
1080 2251 1121 2298 ex
1149 2235 1219 2299 eius
1248 2248 1332 2315 apo-⁴

148 2338 272 2418 grapho
313 2338 495 2403 deriuatum
534 2357 606 2405 esse
642 2346 783 2423 constat,
823 2347 860 2404 ut
894 2338 983 2404 infra
1019 2341 1329 2425 demonstrabimus.

148 2446 327 2524 complures
362 2445 449 2510 locos
483 2446 549 2510 iam
584 2448 688 2528 magis
723 2448 911 2512 emendatos
946 2448 1114 2528 exhibere,
1154 2468 1249 2527 quam
1284 2450 1321 2513 L.

147 2553 262 2632 ipsum.
314 2552 431 2632 Itaque
465 2551 573 2618 iacere
607 2570 670 2617 nou
705 2573 886 2634 possumus,
923 2555 999 2634 quin
1035 2554 1068 2618 in
1105 2555 1162 2618 illa
1197 2562 1316 2620 contro·

147 2659 270 2740 versia,
307 2659 335 2724 si
370 2659 404 2724 id
439 2664 633 2742 spectamus,
671 2661 754 2739 quod
790 2661 1017 2740 gravissimum
1052 2672 1117 2741 est,
1154 2659 1322 2726 Dindoriio

147 2767 375 2831 assentiamur.
421 2766 639 2830 Nihilominus
671 2773 778 2831 autem
803 2767 878 2832 illos
902 2769 1127 2850 correctiones,
1164 2766 1327 2848 imprimis

148 2892 262 2938 manus
288 2874 452 2954 antiquae,
485 2891 548 2937 uon
573 2875 831 2952 contemnendas,
860 2874 918 2939 sed
941 2876 1225 2956 grammaticorum
1249 2893 1323 2938 oon·

146 2980 299 3062 lecturas,
333 2998 398 3045 uon
422 2981 610 3045 testimonia
642 2981 836 3061 antiquioris
859 2984 1032 3047 memoriae
1056 2983 1222 3048 habendas
1249 2998 1330 3047 esse·

67 3136 69 3140 .
148 3096 315 3168 putamus
356 3106 439 3168 quae
474 3097 582 3152 utrum
619 3107 718 3153 verae
754 3107 794 3152 an
830 3087 936 3155 falsae
970 3091 1050 3170 sint,
1090 3090 1217 3154 ratione
1252 3089 1331 3153 sola..

148 3195 394 3277 disceptandum
419 3200 478 3259 est.

280 3413 333 3475 12.
360 3407 482 3485 Quale
509 3407 623 3474 fuerit
647 3407 903 3475 Laurentiani
928 3409 1192 3496 archetypum.

254 3552 325 3615 Non
343 3551 460 3620 inutile
475 3553 539 3617 erit
555 3570 721 3635 quaerere,
748 3554 852 3632 qualis
875 3559 994 3617 natura
1018 3551 1118 3617 fuerit
1141 3554 1330 3636 archetypi.

147 3674 187 3722 ex
212 3676 274 3737 quo
292 3659 329 3722 L.
354 3658 537 3739 descriptus
561 3664 621 3742 est,
647 3659 797 3739 quoniam
822 3679 863 3727 ex
885 3660 946 3723 hac
970 3660 1162 3740 quaestione
1184 3661 1323 3726 multum

148 3764 188 3829 ad
205 3764 287 3828 vitia
303 3765 518 3831 Laurentiani
536 3784 600 3830 non
618 3767 719 3831 solum
742 3766 857 3831 melius
882 3766 1118 3848 perspicienda,
1143 3768 1199 3833 sed
1223 3767 1323 3833 etiam

147 3872 350 3936 emendanda
384 3873 592 3938 redundabit.
648 3877 697 3939 Ac
731 3874 870 3955 primum
905 3872 1035 3953 quidem
1071 3892 1110 3938 ex
1146 3874 1203 3956 eis,
1239 3893 1332 3954 quae

147 3996 247 4058 supra
281 3977 586 4061 demonstravimus,
623 4000 781 4062 apparere
814 3980 957 4061 videtur,
994 3980 1206 4062 archetypum
1237 3981 1324 4046 Lau·

146 4085 290 4150 rentiani
326 4087 458 4152 scholiis
493 4088 557 4152 iam
594 4087 789 4152 instructum
821 4086 931 4152 fuisse.
984 4087 1037 4151 Ex
1072 4086 1174 4152 variis
1205 4086 1326 4154 deinde

145 4190 341 4259 lectionibus
371 4193 436 4258 iam
464 4213 483 4258 a
511 4194 616 4275 prima
648 4213 744 4259 manu
777 4195 812 4259 in
835 4194 872 4259 L.
904 4194 1080 4274 adscriptis
1112 4194 1323 4261 manifestum

146 4304 205 4382 est,
241 4298 334 4364 illum
363 4299 493 4383 librum,
528 4319 569 4367 ex
599 4320 662 4382 quo
685 4301 723 4367 L.
746 4301 852 4384 fluxit,
888 4300 998 4366 varias
1025 4301 1182 4368 lectiones
1210 4319 1328 4383 super·-
