2964 4890
624 308 846 367 ...22-

147 498 236 564 haud
258 518 333 563 raro
358 516 415 577 pro
439 496 542 563 variis
565 496 759 563 lectionibus
782 498 896 563 habita
920 512 990 562 cum
1015 496 1101 579 sigla
1117 517 1165 580 γρ.
1182 496 1215 560 in
1240 496 1324 560 alios

148 606 249 671 libros
280 624 354 670 mss.
378 605 597 684 transscripta
629 610 716 685 sunt,
752 623 849 686 saepe
882 605 980 670 etiam
1007 605 1044 669 -in
1068 611 1193 669 tortum
1217 603 1323 683 ipsum

148 713 358 794 irrepserunt.
409 712 447 776 Id
482 712 567 793 quod
600 711 635 775 in
665 711 807 776 omnium
843 712 1036 792 scriptorum
1073 711 1237 776 codicibus
1270 711 1324 773 ob-

147 837 326 901 servamus,
361 819 395 883 in
421 818 589 898 Sophoclis
614 837 741 901 quoqne
770 819 862 884 libris
885 819 1053 899 accidisse,
1089 837 1129 882 cx
1153 817 1323 898 permultis

148 926 250 992 variis
273 926 467 991 lectionibus
491 945 510 989 a
535 944 632 993 manu
656 926 798 991 secunda
818 927 852 991 in
869 927 905 991 L.
922 926 1106 1007 adscriptis,
1132 944 1212 1005 quas
1236 926 1325 989 solas

147 1034 209 1098 hoc
234 1035 302 1098 loco
326 1034 360 1096 in
384 1033 539 1098 iudicium
567 1033 761 1115 vocabimus,
787 1032 993 1098 manifestum
1019 1040 1078 1098 est.

194 1227 196 1231 ,
256 1159 326 1222 Has
359 1157 442 1222 enim
477 1159 657 1237 scripturas
689 1176 709 1221 a
736 1157 871 1222 librario
902 1176 965 1223 non
994 1175 1034 1221 ex
1058 1156 1244 1221 coniectura
1275 1156 1325 1219 in·

148 1275 277 1346 ventas,
311 1264 368 1329 sed
402 1283 442 1328 ex
473 1265 582 1330 codice
613 1265 751 1344 quodam
779 1273 837 1329 ant
865 1283 905 1330 ex
928 1264 1061 1329 scholiis
1094 1263 1216 1343 petitas
1240 1280 1323 1345 esse,

149 1372 225 1437 inde
238 1378 325 1437 certe
337 1372 549 1454 concluditur,
567 1371 653 1453 quod
666 1390 776 1436 earum
791 1371 964 1436 nonnullae
978 1371 1114 1435 aliorum
1128 1368 1325 1450 scriptorum

148 1478 345 1544 testimoniis
362 1477 643 1561 confirmantur*),
669 1479 762 1560 aliae,
779 1479 908 1543 etiamsi
924 1496 1116 1559 perpaucae,
1138 1495 1202 1541 non
1219 1479 1325 1542 solum

145 1603 245 1650 voces
269 1592 335 1648 tam
359 1585 544 1666 singulares
568 1592 602 1650 ot
626 1585 808 1666 exquisitas
839 1586 1003 1666 exhibent,
1038 1591 1075 1649 ut
1099 1585 1173 1649 illas
1197 1605 1216 1648 a
1240 1585 1326 1648 dior-

147 1693 242 1772 thota
275 1693 479 1778 excogitatas
510 1711 582 1758 esse
612 1712 727 1774 parum
760 1693 935 1758 verisimile
959 1692 1014 1774 sit,
1050 1692 1228 1757 sedetiam
1253 1710 1325 1757 eam

149 1798 299 1863 veritatis
330 1799 468 1878 speciem
502 1817 579 1878 prae
608 1798 786 1880 scierunt,
823 1806 860 1865 ut
891 1801 932 1864 ab
962 1800 1111 1864 omnibus
1144 1799 1326 1864 editoribus

148 1905 249 1985 priori
279 1906 493 1970 laurentiani
526 1907 657 1972 lectioni
689 1905 983 1988 praeferantur.**)
1037 1907 1176 1988 Magnus
1208 1907 1327 1972 deinde

148 2011 279 2077 illarum
302 2014 468 2078 variarum
494 2014 666 2079 lectionum
692 2032 846 2078 uumerus
870 2014 967 2078 etiam
992 2014 1024 2078 in
1043 2014 1080 2078 L.
1098 2014 1183 2078 inter
1202 2015 1327 2078 scholia

146 2119 319 2200 reperitur.
330 2119 396 2200 ***)
895 2205 898 2210 ι

256 2245 330 2309 Viri
353 2246 439 2311 docti
465 2265 573 2312 omnes
598 2246 666 2311 fere
691 2246 875 2328 opinantur,
902 2246 1098 2310 diorthotam
1125 2246 1179 2325 qui
1205 2245 1327 2311 dicitur

150 2359 274 2417 textum
306 2353 522 2418 Laurentiani
558 2374 628 2420 cum
667 2355 730 2419 alio
766 2362 864 2432 atque
895 2353 1111 2419 Laurentiani
1147 2354 1326 2434 archetypo

147 2460 327 2544 contulisse
351 2468 383 2525 et
407 2480 488 2541 quas
511 2463 666 2526 lectiones
690 2463 721 2527 in
748 2462 829 2525 libro
852 2480 910 2524 suo
932 2480 951 2524 a
971 2462 1004 2524 h.
1021 2461 1183 2540 scriptura
1200 2462 1325 2525 alienas

150 2566 323 2649 invenerit,
358 2585 412 2631 eas
443 2586 513 2632 oum
547 2569 631 2649 sigla
655 2589 702 2651 γρ.
724 2569 756 2632 in
780 2569 816 2633 L.
840 2568 1000 2633 intulisse.
1048 2565 1138 2648 Quae
1162 2568 1321 2633 sententia

149 2672 250 2737 nullis
285 2675 487 2754 argumentis
535 2677 741 2755 comprobata
777 2693 892 2738 vereor
928 2683 964 2738 ut
999 2692 1078 2740 vera
1112 2675 1164 2738 sit.
1222 2673 1322 2739 Multo

147 2780 236 2844 enim
274 2781 473 2858 probabilius
508 2781 646 2864 videtur,
681 2783 713 2845 id
744 2781 828 2861 quod
857 2781 920 2845 viri
951 2781 1036 2845 docti
1070 2782 1104 2845 in
1132 2783 1168 2846 L.
1199 2782 1324 2845 demum

150 2886 272 2951 factum
297 2905 367 2952 asse
391 2888 602 2971 arbitrantur,
628 2891 692 2953 iam
717 2889 883 2968 aliquanto
907 2897 1005 2953 antea
1028 2888 1061 2952 in
1087 2889 1325 2968 antiquioribus

151 2994 317 3058 codicibus
340 2994 497 3060 accidisse
520 3003 553 3061 et
576 2997 651 3061 illas
674 2996 785 3060 vanas
804 2995 960 3060 lectiones
976 2997 1039 3061 iam
1058 2995 1091 3059 in
1109 2994 1326 3060 Laurentiani

149 3101 328 3183 archetypo
360 3102 412 3164 vel
444 3104 549 3167 textui
583 3103 822 3184 superscriptas
848 3103 897 3167 vel
929 3102 961 3166 in
991 3103 1122 3167 scholiis
1151 3102 1326 3166 adnotatas

150 3207 261 3273 fuisse.
318 3208 399 3272 Nam
435 3209 463 3273 si
499 3210 595 3274 aliter
637 3229 689 3274 res
723 3210 874 3291 haberet,
920 3210 977 3274 vix
1016 3209 1234 3290 intellegitur,
1270 3207 1326 3287 qui

215 3455 240 3524 ¹i)
260 3458 325 3509 Ant.
345 3456 397 3509 264
417 3456 502 3528 ἔχειν,
530 3473 601 3509 man.
621 3472 672 3509 sec.
692 3459 782 3528 αἴρειν
806 3472 944 3525 supersum,
973 3458 1043 3523 quod
1069 3462 1187 3510 testatur
1210 3454 1328 3521 Cyrillus

258 3550 353 3599 contra
365 3546 472 3599 Iulium.
510 3545 552 3599 hi.
567 3547 627 3600 672.
649 3540 745 3617 αἰανὴς
764 3563 834 3599 man.
847 3562 887 3612 pr.
902 3546 1000 3618 αἰανὴς
1019 3563 1089 3600 man.
1105 3562 1165 3611 sec,
1185 3551 1328 3609 utramque

258 3636 420 3702 scripturam
440 3643 570 3689 memorat
588 3637 691 3690 Suidas.

199 3741 241 3808 **)
262 3743 331 3796 Phil.
350 3744 402 3797 954
424 3729 491 3797 <illd
513 3743 655 3818 θανοῦμαι
679 3760 749 3797 man.
769 3760 818 3810 pr.,
847 3723 890 3816 yp.
915 3732 972 3798 ἄλλ’
1000 3731 1153 3818 αὗανοῦμαι
1176 3758 1246 3794 man.
1267 3756 1327 3807 soc,

265 3819 325 3886 ἀντὶ
344 3832 391 3886 τοῦ
410 3827 621 3939 ξηρανθήσοὲαι
644 3833 753 3887 scholia.
790 3835 855 3886 Ant.
874 3834 927 3886 429
948 3828 1033 3901 διψὰν
1055 3828 1167 3907 ἐκφέρει
1188 3848 1259 3885 man.
1278 3847 1328 3897 pr,
1364 3840 1366 3845 '

260 3942 302 3995 γρ.
323 3924 421 3988 διψίαν
440 3916 521 3994 φέρει
540 3923 596 3976 11⁶⁴.

184 4027 241 4093 ***)
260 4027 291 4081 0.
311 4028 338 4080 C.
359 4029 411 4082 390
431 4016 538 4087 εὐνοίας
556 4029 586 4095 L,
615 4029 643 4080 in
667 4029 773 4082 scholiis
793 4017 908 4095 εὗσοίας,
938 4045 1017 4095 quarn
1042 4028 1183 4081 lectionem
1207 4028 1330 4094 sequitur

261 4115 356 4169 Suidas
379 4133 400 4171 s.
424 4134 449 4171 v.
475 4113 575 4173 εῧσοια.
604 4148 635 4156 -
660 4117 690 4172 0.
710 4117 738 4172 0.
759 4121 827 4172 1054
852 4113 1015 4194 ἐγρεμᾶχαν
1043 4117 1074 4185 L,
1103 4138 1146 4190 γρ.
1168 4106 1329 4192 ὅρειυβάτην

260 4205 368 4259 scholia.
394 4238 427 4244 —
453 4207 481 4260 0Ι
503 4207 531 4260 0.
554 4207 623 4260 1060
648 4205 748 4261 πελῶσ’
774 4230 818 4281 γρ.
845 4202 989 4273 πελάζουσι
1013 4207 1094 4261 schol,
1116 4237 1149 4244 -
1169 4205 1202 4261 cf.
1228 4206 1330 4259 scholia

260 4295 295 4347 ed
313 4295 383 4348 Phil.
402 4297 463 4351 423.
482 4297 544 4350 426.
