<?xml version="1.0" encoding="UTF-8"?>
<!DOCTYPE html PUBLIC "-//W3C//DTD XHTML 1.0 Transitional//EN"
    "http://www.w3.org/TR/xhtml1/DTD/xhtml1-transitional.dtd">
<html xmlns="http://www.w3.org/1999/xhtml" xml:lang="en" lang="en">
 <head>
  <title>
</title>
<meta http-equiv="Content-Type" content="text/html;charset=utf-8" />
  <meta name='ocr-system' content='tesseract 3.04.00' />
  <meta name='ocr-capabilities' content='ocr_page ocr_carea ocr_par ocr_line ocrx_word'/>
</head>
<body>
  <div class='ocr_page' id='page_1' title='image "./desophocliscodi00meifgoog_0077.png"; bbox 0 0 2964 4890; ppageno 0'>
   <div class='ocr_carea' id='block_1_1' title="bbox 650 309 870 369">
    <p class='ocr_par' dir='ltr' id='par_1_1' title="bbox 650 309 870 369">
     <span class='ocr_line' id='line_1_1' title="bbox 650 309 870 369; baseline 0.005 -17"><span class='ocrx_word' id='word_1_1' title='bbox 650 309 870 369; x_wconf 74' lang='lat'>..70-</span> 
     </span>
    </p>
   </div>
   <div class='ocr_carea' id='block_1_2' title="bbox 167 498 1354 1977">
    <p class='ocr_par' dir='ltr' id='par_1_2' title="bbox 167 498 1354 1548">
     <span class='ocr_line' id='line_1_2' title="bbox 167 498 1353 580; baseline -0.004 -12"><span class='ocrx_word' id='word_1_2' title='bbox 167 503 357 569; x_wconf 86' lang='lat' dir='ltr'><strong>coniectura</strong></span> <span class='ocrx_word' id='word_1_3' title='bbox 373 500 539 565; x_wconf 82' lang='lat' dir='ltr'><strong>addidisse</strong></span> <span class='ocrx_word' id='word_1_4' title='bbox 554 501 691 565; x_wconf 86' lang='lat' dir='ltr'><strong>videtur.</strong></span> <span class='ocrx_word' id='word_1_5' title='bbox 732 500 959 580; x_wconf 84' lang='lat' dir='ltr'><strong>Compluribus</strong></span> <span class='ocrx_word' id='word_1_6' title='bbox 976 504 1088 564; x_wconf 84' lang='lat' dir='ltr'><strong>textus</strong></span> <span class='ocrx_word' id='word_1_7' title='bbox 1104 505 1138 564; x_wconf 92' lang='lat' dir='ltr'><strong>et</strong></span> <span class='ocrx_word' id='word_1_8' title='bbox 1153 498 1353 564; x_wconf 83' lang='lat' dir='ltr'><strong>scholiorum</strong></span> 
     </span>
     <span class='ocr_line' id='line_1_3' title="bbox 171 606 1351 691; baseline -0.004 -16"><span class='ocrx_word' id='word_1_9' title='bbox 171 611 250 675; x_wconf 91' lang='lat' dir='ltr'><strong>locis</strong></span> <span class='ocrx_word' id='word_1_10' title='bbox 281 609 448 691; x_wconf 91' lang='lat' dir='ltr'><strong>antiquam</strong></span> <span class='ocrx_word' id='word_1_11' title='bbox 472 607 667 687; x_wconf 82' lang='lat' dir='ltr'><strong>scripturam</strong></span> <span class='ocrx_word' id='word_1_12' title='bbox 696 609 737 670; x_wconf 89' lang='lat' dir='ltr'><strong>ab</strong></span> <span class='ocrx_word' id='word_1_13' title='bbox 763 626 923 690; x_wconf 88' lang='lat' dir='ltr'><strong>anonymo</strong></span> <span class='ocrx_word' id='word_1_14' title='bbox 953 607 1159 686; x_wconf 77' lang='lat' dir='ltr'><strong>repudiatam</strong></span> <span class='ocrx_word' id='word_1_15' title='bbox 1189 606 1351 689; x_wconf 80' lang='lat' dir='ltr'><strong>restituit,</strong></span> 
     </span>
     <span class='ocr_line' id='line_1_4' title="bbox 167 713 1353 796; baseline -0.003 -15"><span class='ocrx_word' id='word_1_16' title='bbox 167 717 229 781; x_wconf 85' lang='lat' dir='ltr'><strong>sed</strong></span> <span class='ocrx_word' id='word_1_17' title='bbox 260 716 348 781; x_wconf 85' lang='lat' dir='ltr'><strong>haud</strong></span> <span class='ocrx_word' id='word_1_18' title='bbox 378 715 491 796; x_wconf 89' lang='lat' dir='ltr'><strong>paucis</strong></span> <span class='ocrx_word' id='word_1_19' title='bbox 521 714 599 779; x_wconf 88' lang='lat' dir='ltr'><strong>locis</strong></span> <span class='ocrx_word' id='word_1_20' title='bbox 630 714 790 794; x_wconf 88' lang='lat' dir='ltr'><strong>imprimis</strong></span> <span class='ocrx_word' id='word_1_21' title='bbox 821 715 998 779; x_wconf 80' lang='lat' dir='ltr'><strong>carminum</strong></span> <span class='ocrx_word' id='word_1_22' title='bbox 1032 713 1229 796; x_wconf 88' lang='lat' dir='ltr'><strong>melicorum,</strong></span> <span class='ocrx_word' id='word_1_23' title='bbox 1266 731 1353 793; x_wconf 87' lang='lat' dir='ltr'><strong>quae</strong></span> 
     </span>
     <span class='ocr_line' id='line_1_5' title="bbox 169 819 1353 903; baseline -0.004 -14"><span class='ocrx_word' id='word_1_24' title='bbox 169 824 347 889; x_wconf 86' lang='lat' dir='ltr'><strong>secundum</strong></span> <span class='ocrx_word' id='word_1_25' title='bbox 380 841 456 887; x_wconf 87' lang='lat' dir='ltr'><strong>suas</strong></span> <span class='ocrx_word' id='word_1_26' title='bbox 487 821 639 886; x_wconf 89' lang='lat' dir='ltr'><strong>metricas</strong></span> <span class='ocrx_word' id='word_1_27' title='bbox 668 821 813 886; x_wconf 86' lang='lat' dir='ltr'><strong>rationes</strong></span> <span class='ocrx_word' id='word_1_28' title='bbox 844 821 1023 886; x_wconf 85' lang='lat' dir='ltr'><strong>reformare</strong></span> <span class='ocrx_word' id='word_1_29' title='bbox 1055 820 1219 903; x_wconf 87' lang='lat' dir='ltr'><strong>studebat,</strong></span> <span class='ocrx_word' id='word_1_30' title='bbox 1256 819 1353 884; x_wconf 88' lang='lat' dir='ltr'><strong>novis</strong></span> 
     </span>
     <span class='ocr_line' id='line_1_6' title="bbox 172 927 1353 1008; baseline -0.004 -12"><span class='ocrx_word' id='word_1_31' title='bbox 172 932 365 996; x_wconf 86' lang='lat' dir='ltr'><strong>lectionibus</strong></span> <span class='ocrx_word' id='word_1_32' title='bbox 389 935 512 994; x_wconf 83' lang='lat' dir='ltr'><strong>textum</strong></span> <span class='ocrx_word' id='word_1_33' title='bbox 540 929 740 1008; x_wconf 86' lang='lat' dir='ltr'><strong>depravavit.</strong></span> <span class='ocrx_word' id='word_1_34' title='bbox 782 930 821 992; x_wconf 86' lang='lat' dir='ltr'><strong>ln</strong></span> <span class='ocrx_word' id='word_1_35' title='bbox 838 929 874 994; x_wconf 93' lang='lat' dir='ltr'><strong>O.</strong></span> <span class='ocrx_word' id='word_1_36' title='bbox 892 929 924 994; x_wconf 84' lang='lat' dir='ltr'><strong>O.</strong></span> <span class='ocrx_word' id='word_1_37' title='bbox 941 929 1074 1008; x_wconf 85' lang='lat' dir='ltr'><strong>Lipsius</strong></span> <span class='ocrx_word' id='word_1_38' title='bbox 1093 931 1133 992; x_wconf 86' lang='grc'><strong>90</strong></span> <span class='ocrx_word' id='word_1_39' title='bbox 1152 927 1353 992; x_wconf 88' lang='lat' dir='ltr'><strong>mutationes</strong></span> 
     </span>
     <span class='ocr_line' id='line_1_7' title="bbox 167 1018 1352 1118; baseline -0.004 -14"><span class='ocrx_word' id='word_1_40' title='bbox 167 1039 321 1104; x_wconf 78' lang='lat' dir='ltr'><strong>Triclinii</strong></span> <span class='ocrx_word' id='word_1_41' title='bbox 345 1039 556 1118; x_wconf 89' lang='lat' dir='ltr'><strong>computavit,</strong></span> <span class='ocrx_word' id='word_1_42' title='bbox 588 1055 722 1115; x_wconf 91' lang='lat' dir='ltr'><strong>quarum</strong></span> <span class='ocrx_word' id='word_1_43' title='bbox 752 1018 796 1099; x_wconf 35' lang='lat'><strong>12*</strong></span> <span class='ocrx_word' id='word_1_44' title='bbox 816 1037 868 1100; x_wconf 92' lang='lat' dir='ltr'><strong>vel</strong></span> <span class='ocrx_word' id='word_1_45' title='bbox 895 1041 934 1099; x_wconf 84' lang='lat'><strong>13</strong></span> <span class='ocrx_word' id='word_1_46' title='bbox 961 1041 1088 1100; x_wconf 88' lang='lat' dir='ltr'><strong>tantum</strong></span> <span class='ocrx_word' id='word_1_47' title='bbox 1113 1034 1352 1099; x_wconf 87' lang='lat' dir='ltr'><strong>recentioribus</strong></span> 
     </span>
     <span class='ocr_line' id='line_1_8' title="bbox 168 1142 1354 1224; baseline -0.004 -13"><span class='ocrx_word' id='word_1_48' title='bbox 168 1146 353 1212; x_wconf 86' lang='lat' dir='ltr'><strong>editoribus</strong></span> <span class='ocrx_word' id='word_1_49' title='bbox 384 1147 571 1224; x_wconf 87' lang='lat' dir='ltr'><strong>probantur.</strong></span> <span class='ocrx_word' id='word_1_50' title='bbox 618 1143 719 1207; x_wconf 87' lang='lat' dir='ltr'><strong>Recte</strong></span> <span class='ocrx_word' id='word_1_51' title='bbox 750 1149 856 1207; x_wconf 87' lang='lat' dir='ltr'><strong>autem</strong></span> <span class='ocrx_word' id='word_1_52' title='bbox 889 1143 1022 1222; x_wconf 86' lang='lat' dir='ltr'><strong>Lipsius</strong></span> <span class='ocrx_word' id='word_1_53' title='bbox 1056 1142 1202 1223; x_wconf 87' lang='lat' dir='ltr'><strong>adnotat,</strong></span> <span class='ocrx_word' id='word_1_54' title='bbox 1240 1159 1354 1206; x_wconf 91' lang='lat' dir='ltr'><strong>omnes</strong></span> 
     </span>
     <span class='ocr_line' id='line_1_9' title="bbox 172 1233 1352 1330; baseline -0.005 -13"><span class='ocrx_word' id='word_1_55' title='bbox 172 1254 232 1317; x_wconf 90' lang='lat' dir='ltr'><strong>has</strong></span> <span class='ocrx_word' id='word_1_56' title='bbox 263 1252 507 1318; x_wconf 86' lang='lat' dir='ltr'><strong>emendationes</strong></span> <span class='ocrx_word' id='word_1_57' title='bbox 537 1250 694 1316; x_wconf 89' lang='lat' dir='ltr'><strong>eiusmodi</strong></span> <span class='ocrx_word' id='word_1_58' title='bbox 719 1268 799 1329; x_wconf 87' lang='lat' dir='ltr'><strong>esse,</strong></span> <span class='ocrx_word' id='word_1_59' title='bbox 836 1256 874 1315; x_wconf 90' lang='lat' dir='ltr'><strong>ut</strong></span> <span class='ocrx_word' id='word_1_60' title='bbox 897 1233 1060 1314; x_wconf 85' lang='lat' dir='ltr'><strong>meliorem</strong></span> <span class='ocrx_word' id='word_1_61' title='bbox 1085 1249 1216 1330; x_wconf 92' lang='lat' dir='ltr'><strong>librum,</strong></span> <span class='ocrx_word' id='word_1_62' title='bbox 1252 1266 1352 1328; x_wconf 86' lang='lat' dir='ltr'><strong>quam</strong></span> 
     </span>
     <span class='ocr_line' id='line_1_10' title="bbox 168 1356 1354 1441; baseline -0.004 -16"><span class='ocrx_word' id='word_1_63' title='bbox 168 1379 251 1440; x_wconf 78' lang='lat' dir='ltr'><strong>quos</strong></span> <span class='ocrx_word' id='word_1_64' title='bbox 280 1378 338 1424; x_wconf 90' lang='lat' dir='ltr'><strong>nos</strong></span> <span class='ocrx_word' id='word_1_65' title='bbox 368 1360 552 1441; x_wconf 88' lang='lat' dir='ltr'><strong>habeamus,</strong></span> <span class='ocrx_word' id='word_1_66' title='bbox 589 1357 779 1422; x_wconf 80' lang='lat' dir='ltr'><strong>Tricliuium</strong></span> <span class='ocrx_word' id='word_1_67' title='bbox 810 1357 1000 1422; x_wconf 88' lang='lat' dir='ltr'><strong>adhibuisse</strong></span> <span class='ocrx_word' id='word_1_68' title='bbox 1031 1376 1095 1421; x_wconf 93' lang='lat' dir='ltr'><strong>non</strong></span> <span class='ocrx_word' id='word_1_69' title='bbox 1127 1356 1354 1421; x_wconf 83' lang='lat' dir='ltr'><strong>existimemus</strong></span> 
     </span>
     <span class='ocr_line' id='line_1_11' title="bbox 169 1473 331 1548; baseline -0.006 -17"><span class='ocrx_word' id='word_1_70' title='bbox 169 1473 331 1548; x_wconf 89' lang='lat' dir='ltr'><strong>oporteat.</strong></span> 
     </span>
    </p>

    <p class='ocr_par' dir='ltr' id='par_1_3' title="bbox 168 1570 1354 1977">
     <span class='ocr_line' id='line_1_12' title="bbox 280 1570 1354 1654; baseline -0.003 -15"><span class='ocrx_word' id='word_1_71' title='bbox 280 1574 410 1654; x_wconf 92' lang='lat' dir='ltr'><strong>Optime</strong></span> <span class='ocrx_word' id='word_1_72' title='bbox 426 1573 659 1637; x_wconf 84' lang='lat' dir='ltr'><strong>Triclinianam</strong></span> <span class='ocrx_word' id='word_1_73' title='bbox 684 1571 903 1636; x_wconf 86' lang='lat' dir='ltr'><strong>recensionem</strong></span> <span class='ocrx_word' id='word_1_74' title='bbox 929 1572 1152 1653; x_wconf 83' lang='lat' dir='ltr'><strong>cognoscimus</strong></span> <span class='ocrx_word' id='word_1_75' title='bbox 1177 1589 1217 1636; x_wconf 84' lang='lat' dir='ltr'><strong>ex</strong></span> <span class='ocrx_word' id='word_1_76' title='bbox 1241 1570 1354 1636; x_wconf 88' lang='lat' dir='ltr'><strong>codice</strong></span> 
     </span>
     <span class='ocr_line' id='line_1_13' title="bbox 168 1678 1354 1760; baseline -0.003 -15"><span class='ocrx_word' id='word_1_77' title='bbox 168 1682 208 1745; x_wconf 80' lang='lat' dir='ltr'><strong>T.</strong></span> <span class='ocrx_word' id='word_1_78' title='bbox 255 1681 409 1746; x_wconf 83' lang='lat' dir='ltr'><strong>Eiusdem</strong></span> <span class='ocrx_word' id='word_1_79' title='bbox 445 1680 514 1744; x_wconf 84' lang='lat' dir='ltr'><strong>fere</strong></span> <span class='ocrx_word' id='word_1_80' title='bbox 549 1680 692 1760; x_wconf 85' lang='lat' dir='ltr'><strong>vestigia</strong></span> <span class='ocrx_word' id='word_1_81' title='bbox 727 1687 909 1760; x_wconf 85' lang='lat' dir='ltr'><strong>sequuntur</strong></span> <span class='ocrx_word' id='word_1_82' title='bbox 945 1679 1046 1743; x_wconf 83' lang='lat' dir='ltr'><strong>codex</strong></span> <span class='ocrx_word' id='word_1_83' title='bbox 1081 1679 1179 1743; x_wconf 80' lang='lat' dir='ltr'><strong>Farn.</strong></span> <span class='ocrx_word' id='word_1_84' title='bbox 1214 1683 1257 1758; x_wconf 91' lang='lat' dir='ltr'><strong>et,</strong></span> <span class='ocrx_word' id='word_1_85' title='bbox 1295 1678 1354 1758; x_wconf 88' lang='lat' dir='ltr'><strong>qui</strong></span> 
     </span>
     <span class='ocr_line' id='line_1_14' title="bbox 172 1781 1352 1871; baseline -0.003 -19"><span class='ocrx_word' id='word_1_86' title='bbox 172 1788 280 1852; x_wconf 90' lang='lat' dir='ltr'><strong>tribus</strong></span> <span class='ocrx_word' id='word_1_87' title='bbox 327 1790 498 1868; x_wconf 91' lang='lat' dir='ltr'><strong>postremis</strong></span> <span class='ocrx_word' id='word_1_88' title='bbox 545 1787 666 1852; x_wconf 86' lang='lat' dir='ltr'><strong>fabulis</strong></span> <span class='ocrx_word' id='word_1_89' title='bbox 718 1786 766 1870; x_wconf 90' lang='lat' dir='ltr'><strong>[O.</strong></span> <span class='ocrx_word' id='word_1_90' title='bbox 814 1787 860 1869; x_wconf 83' lang='lat' dir='ltr'><strong>O,</strong></span> <span class='ocrx_word' id='word_1_91' title='bbox 913 1787 1043 1869; x_wconf 79' lang='lat' dir='ltr'><strong>Trach,</strong></span> <span class='ocrx_word' id='word_1_92' title='bbox 1095 1781 1192 1871; x_wconf 83' lang='lat' dir='ltr'><strong>Phil]</strong></span> <span class='ocrx_word' id='word_1_93' title='bbox 1248 1792 1352 1868; x_wconf 83' lang='lat' dir='ltr'><strong>caret,</strong></span> 
     </span>
     <span class='ocr_line' id='line_1_15' title="bbox 170 1895 618 1977; baseline -0.002 -19"><span class='ocrx_word' id='word_1_94' title='bbox 170 1895 369 1959; x_wconf 90' lang='lat' dir='ltr'><strong>Dresdensis</strong></span> <span class='ocrx_word' id='word_1_95' title='bbox 393 1914 411 1958; x_wconf 89' lang='lat' dir='ltr'><strong>a</strong></span> <span class='ocrx_word' id='word_1_96' title='bbox 437 1896 538 1977; x_wconf 81' lang='lat'>(183).</span> <span class='ocrx_word' id='word_1_97' title='bbox 617 1954 618 1957; x_wconf 74' lang='grc'>,</span> 
     </span>
    </p>
   </div>
   <div class='ocr_carea' id='block_1_3' title="bbox 175 2124 1354 2367">
    <p class='ocr_par' dir='ltr' id='par_1_4' title="bbox 175 2124 1354 2367">
     <span class='ocr_line' id='line_1_16' title="bbox 175 2124 1354 2367; baseline 0 -23"><span class='ocrx_word' id='word_1_98' title='bbox 175 2248 238 2345; x_wconf 83' lang='lat' dir='ltr'><strong>m</strong></span> <span class='ocrx_word' id='word_1_99' title='bbox 272 2247 452 2367; x_wconf 86' lang='lat' dir='ltr'><strong>aliquot</strong></span> <span class='ocrx_word' id='word_1_100' title='bbox 483 2247 622 2345; x_wconf 87' lang='lat' dir='ltr'><strong>libris</strong></span> <span class='ocrx_word' id='word_1_101' title='bbox 654 2124 783 2344; x_wconf 47' lang='lat' dir='ltr'><strong>mag</strong></span> <span class='ocrx_word' id='word_1_102' title='bbox 798 2275 903 2345; x_wconf 90' lang='lat' dir='ltr'><strong>cum</strong></span> <span class='ocrx_word' id='word_1_103' title='bbox 934 2249 1145 2344; x_wconf 86' lang='lat' dir='ltr'><strong>Parisino</strong></span> <span class='ocrx_word' id='word_1_104' title='bbox 1179 2243 1219 2341; x_wconf 99' lang='lat' dir='ltr'><strong>A</strong></span> <span class='ocrx_word' id='word_1_105' title='bbox 1252 2248 1354 2344; x_wconf 89' lang='lat' dir='ltr'><strong>arte</strong></span> 
     </span>
    </p>
   </div>
   <div class='ocr_carea' id='block_1_4' title="bbox 435 2388 1183 2507">
    <p class='ocr_par' dir='ltr' id='par_1_5' title="bbox 435 2388 1183 2507">
     <span class='ocr_line' id='line_1_17' title="bbox 435 2388 1183 2507; baseline -0.009 -18"><span class='ocrx_word' id='word_1_106' title='bbox 435 2388 789 2489; x_wconf 87' lang='lat' dir='ltr'><strong>cohaerentibus</strong></span> <span class='ocrx_word' id='word_1_107' title='bbox 823 2417 873 2507; x_wconf 86' lang='lat' dir='ltr'><strong>[R</strong></span> <span class='ocrx_word' id='word_1_108' title='bbox 885 2412 1092 2502; x_wconf 67' lang='lat' dir='ltr'><strong>vanoot</strong></span> <span class='ocrx_word' id='word_1_109' title='bbox 1180 2452 1183 2457; x_wconf 91' lang='lat'>-</span> 
     </span>
    </p>
   </div>
   <div class='ocr_carea' id='block_1_5' title="bbox 171 2565 1439 4374">
    <p class='ocr_par' dir='ltr' id='par_1_6' title="bbox 171 2565 1439 4375">
     <span class='ocr_line' id='line_1_18' title="bbox 281 2565 1356 2655; baseline 0 -20"><span class='ocrx_word' id='word_1_110' title='bbox 281 2572 431 2636; x_wconf 90' lang='lat' dir='ltr'><strong>Parisino</strong></span> <span class='ocrx_word' id='word_1_111' title='bbox 473 2572 500 2634; x_wconf 91' lang='lat' dir='ltr'><strong>A</strong></span> <span class='ocrx_word' id='word_1_112' title='bbox 540 2571 855 2635; x_wconf 86' lang='lat' dir='ltr'><strong>Riccardianus</strong></span> <span class='ocrx_word' id='word_1_113' title='bbox 897 2573 938 2632; x_wconf 88' lang='lat'><strong>34</strong></span> <span class='ocrx_word' id='word_1_114' title='bbox 981 2565 1039 2654; x_wconf 90' lang='lat' dir='ltr'><strong>[R‚</strong></span> <span class='ocrx_word' id='word_1_115' title='bbox 1078 2570 1178 2651; x_wconf 92' lang='lat' dir='ltr'><strong>vulgo</strong></span> <span class='ocrx_word' id='word_1_116' title='bbox 1217 2567 1283 2655; x_wconf 84' lang='lat' dir='ltr'><strong>Ra]</strong></span> <span class='ocrx_word' id='word_1_117' title='bbox 1321 2576 1356 2635; x_wconf 90' lang='lat' dir='ltr'><strong>et</strong></span> 
     </span>
     <span class='ocr_line' id='line_1_19' title="bbox 175 2673 1353 2761; baseline -0.003 -16"><span class='ocrx_word' id='word_1_118' title='bbox 175 2681 343 2745; x_wconf 88' lang='lat' dir='ltr'><strong>Venetus</strong></span> <span class='ocrx_word' id='word_1_119' title='bbox 366 2682 429 2741; x_wconf 86' lang='grc'><strong>467</strong></span> <span class='ocrx_word' id='word_1_120' title='bbox 458 2673 539 2761; x_wconf 79' lang='lat' dir='ltr'><strong>[V⁸],</strong></span> <span class='ocrx_word' id='word_1_121' title='bbox 565 2678 620 2756; x_wconf 94' lang='lat' dir='ltr'><strong>qui</strong></span> <span class='ocrx_word' id='word_1_122' title='bbox 645 2696 754 2742; x_wconf 85' lang='lat' dir='ltr'><strong>omnes</strong></span> <span class='ocrx_word' id='word_1_123' title='bbox 778 2685 903 2756; x_wconf 90' lang='lat' dir='ltr'><strong>septem</strong></span> <span class='ocrx_word' id='word_1_124' title='bbox 928 2675 1057 2740; x_wconf 79' lang='lat' dir='ltr'><strong>falrulas</strong></span> <span class='ocrx_word' id='word_1_125' title='bbox 1082 2679 1353 2760; x_wconf 89' lang='lat' dir='ltr'><strong>complectuntur,</strong></span> 
     </span>
     <span class='ocr_line' id='line_1_20' title="bbox 174 2784 1356 2864; baseline 0 -14"><span class='ocrx_word' id='word_1_126' title='bbox 174 2792 242 2851; x_wconf 88' lang='lat' dir='ltr'><strong>tam</strong></span> <span class='ocrx_word' id='word_1_127' title='bbox 273 2786 397 2849; x_wconf 88' lang='lat' dir='ltr'><strong>similes</strong></span> <span class='ocrx_word' id='word_1_128' title='bbox 429 2792 514 2864; x_wconf 87' lang='lat' dir='ltr'><strong>sunt,</strong></span> <span class='ocrx_word' id='word_1_129' title='bbox 552 2793 587 2848; x_wconf 94' lang='lat' dir='ltr'><strong>ut</strong></span> <span class='ocrx_word' id='word_1_130' title='bbox 618 2802 658 2848; x_wconf 84' lang='lat' dir='ltr'><strong>eu</strong></span> <span class='ocrx_word' id='word_1_131' title='bbox 690 2786 720 2848; x_wconf 87' lang='lat' dir='ltr'><strong>A</strong></span> <span class='ocrx_word' id='word_1_132' title='bbox 752 2785 821 2864; x_wconf 90' lang='lat' dir='ltr'><strong>ipso</strong></span> <span class='ocrx_word' id='word_1_133' title='bbox 857 2784 911 2848; x_wconf 90' lang='lat' dir='ltr'><strong>vel</strong></span> <span class='ocrx_word' id='word_1_134' title='bbox 946 2802 1005 2863; x_wconf 92' lang='lat' dir='ltr'><strong>per</strong></span> <span class='ocrx_word' id='word_1_135' title='bbox 1041 2802 1139 2847; x_wconf 90' lang='lat' dir='ltr'><strong>unum</strong></span> <span class='ocrx_word' id='word_1_136' title='bbox 1172 2786 1356 2851; x_wconf 87' lang='lat' dir='ltr'><strong>alterumve</strong></span> 
     </span>
     <span class='ocr_line' id='line_1_21' title="bbox 171 2874 1439 2975; baseline -0.001 -17"><span class='ocrx_word' id='word_1_137' title='bbox 171 2893 398 2975; x_wconf 83' lang='lat' dir='ltr'><strong>apographum</strong></span> <span class='ocrx_word' id='word_1_138' title='bbox 431 2891 570 2956; x_wconf 86' lang='lat' dir='ltr'><strong>derivati</strong></span> <span class='ocrx_word' id='word_1_139' title='bbox 602 2892 784 2956; x_wconf 90' lang='lat' dir='ltr'><strong>videantur.</strong></span> <span class='ocrx_word' id='word_1_140' title='bbox 831 2891 918 2957; x_wconf 85' lang='lat' dir='ltr'><strong>Rice.</strong></span> <span class='ocrx_word' id='word_1_141' title='bbox 951 2891 980 2955; x_wconf 91' lang='lat' dir='ltr'><strong>R</strong></span> <span class='ocrx_word' id='word_1_142' title='bbox 1013 2891 1087 2955; x_wconf 92' lang='lat' dir='ltr'><strong>bibl.</strong></span> <span class='ocrx_word' id='word_1_143' title='bbox 1117 2891 1356 2958; x_wconf 83' lang='lat' dir='ltr'><strong>Riccardianae</strong></span> <span class='ocrx_word' id='word_1_144' title='bbox 1436 2874 1439 2879; x_wconf 39' lang='lat'>¹</span> 
     </span>
     <span class='ocr_line' id='line_1_22' title="bbox 176 2998 1355 3079; baseline 0 -14"><span class='ocrx_word' id='word_1_145' title='bbox 176 3001 388 3066; x_wconf 76' lang='lat' dir='ltr'><strong>Florentinae</strong></span> <span class='ocrx_word' id='word_1_146' title='bbox 421 2999 522 3063; x_wconf 87' lang='lat' dir='ltr'><strong>codex</strong></span> <span class='ocrx_word' id='word_1_147' title='bbox 552 3004 593 3063; x_wconf 87' lang='lat'><strong>34</strong></span> <span class='ocrx_word' id='word_1_148' title='bbox 623 3001 656 3064; x_wconf 91' lang='lat' dir='ltr'><strong>in</strong></span> <span class='ocrx_word' id='word_1_149' title='bbox 688 2999 884 3064; x_wconf 89' lang='lat' dir='ltr'><strong>membranis</strong></span> <span class='ocrx_word' id='word_1_150' title='bbox 915 3017 998 3063; x_wconf 85' lang='lat' dir='ltr'><strong>saec.</strong></span> <span class='ocrx_word' id='word_1_151' title='bbox 1023 2998 1103 3062; x_wconf 88' lang='lat' dir='ltr'><strong>XIV</strong></span> <span class='ocrx_word' id='word_1_152' title='bbox 1138 3000 1280 3079; x_wconf 86' lang='lat' dir='ltr'><strong>scriptus</strong></span> <span class='ocrx_word' id='word_1_153' title='bbox 1311 3002 1355 3065; x_wconf 94' lang='lat' dir='ltr'><strong>ab</strong></span> 
     </span>
     <span class='ocr_line' id='line_1_23' title="bbox 175 3099 1385 3187; baseline 0 -15"><span class='ocrx_word' id='word_1_154' title='bbox 175 3107 332 3172; x_wconf 85' lang='lat' dir='ltr'><strong>Elmsleio</strong></span> <span class='ocrx_word' id='word_1_155' title='bbox 365 3105 537 3186; x_wconf 87' lang='lat' dir='ltr'><strong>praecipue</strong></span> <span class='ocrx_word' id='word_1_156' title='bbox 567 3107 600 3170; x_wconf 89' lang='lat' dir='ltr'><strong>iu</strong></span> <span class='ocrx_word' id='word_1_157' title='bbox 634 3107 758 3187; x_wconf 90' lang='lat' dir='ltr'><strong>Oedipo</strong></span> <span class='ocrx_word' id='word_1_158' title='bbox 788 3107 852 3170; x_wconf 85' lang='lat' dir='ltr'><strong>Col.</strong></span> <span class='ocrx_word' id='word_1_159' title='bbox 883 3113 917 3170; x_wconf 95' lang='lat' dir='ltr'><strong>et</strong></span> <span class='ocrx_word' id='word_1_160' title='bbox 948 3125 967 3170; x_wconf 89' lang='lat' dir='ltr'><strong>a</strong></span> <span class='ocrx_word' id='word_1_161' title='bbox 999 3105 1031 3170; x_wconf 88' lang='lat' dir='ltr'><strong>O.</strong></span> <span class='ocrx_word' id='word_1_162' title='bbox 1063 3106 1117 3170; x_wconf 83' lang='lat' dir='ltr'><strong>Fr.</strong></span> <span class='ocrx_word' id='word_1_163' title='bbox 1150 3107 1288 3171; x_wconf 92' lang='lat' dir='ltr'><strong>Webero</strong></span> <span class='ocrx_word' id='word_1_164' title='bbox 1319 3109 1356 3172; x_wconf 90' lang='lat' dir='ltr'><strong>in</strong></span> <span class='ocrx_word' id='word_1_165' title='bbox 1383 3099 1385 3103; x_wconf 64' lang='grc'>’</span> 
     </span>
     <span class='ocr_line' id='line_1_24' title="bbox 177 3213 1356 3280; baseline -0.002 0"><span class='ocrx_word' id='word_1_166' title='bbox 177 3233 272 3280; x_wconf 89' lang='lat' dir='ltr'><strong>usum</strong></span> <span class='ocrx_word' id='word_1_167' title='bbox 297 3215 334 3279; x_wconf 82' lang='lat' dir='ltr'><strong>O.</strong></span> <span class='ocrx_word' id='word_1_168' title='bbox 359 3213 539 3278; x_wconf 88' lang='lat' dir='ltr'><strong>Hermanni</strong></span> <span class='ocrx_word' id='word_1_169' title='bbox 568 3221 601 3278; x_wconf 93' lang='lat' dir='ltr'><strong>et</strong></span> <span class='ocrx_word' id='word_1_170' title='bbox 625 3233 644 3277; x_wconf 92' lang='lat' dir='ltr'><strong>a</strong></span> <span class='ocrx_word' id='word_1_171' title='bbox 669 3213 836 3278; x_wconf 83' lang='lat' dir='ltr'><strong>Subkoffio</strong></span> <span class='ocrx_word' id='word_1_172' title='bbox 867 3214 901 3278; x_wconf 91' lang='lat' dir='ltr'><strong>in</strong></span> <span class='ocrx_word' id='word_1_173' title='bbox 925 3213 1040 3277; x_wconf 84' lang='lat' dir='ltr'><strong>Trach.</strong></span> <span class='ocrx_word' id='word_1_174' title='bbox 1065 3213 1203 3277; x_wconf 88' lang='lat' dir='ltr'><strong>collatus</strong></span> <span class='ocrx_word' id='word_1_175' title='bbox 1228 3220 1285 3278; x_wconf 89' lang='lat' dir='ltr'><strong>est.</strong></span> <span class='ocrx_word' id='word_1_176' title='bbox 1311 3246 1356 3261; x_wconf 90' lang='lat'><em>-</em></span> 
     </span>
     <span class='ocr_line' id='line_1_25' title="bbox 175 3319 1355 3404; baseline -0.003 -16"><span class='ocrx_word' id='word_1_177' title='bbox 175 3322 321 3388; x_wconf 86' lang='lat' dir='ltr'><strong>Venetus</strong></span> <span class='ocrx_word' id='word_1_178' title='bbox 357 3321 400 3384; x_wconf 78' lang='lat' dir='ltr'><strong>pa</strong></span> <span class='ocrx_word' id='word_1_179' title='bbox 436 3322 513 3385; x_wconf 94' lang='lat' dir='ltr'><strong>bibl.</strong></span> <span class='ocrx_word' id='word_1_180' title='bbox 549 3319 736 3384; x_wconf 88' lang='lat' dir='ltr'><strong>Marcianae</strong></span> <span class='ocrx_word' id='word_1_181' title='bbox 772 3321 873 3384; x_wconf 86' lang='lat' dir='ltr'><strong>codex</strong></span> <span class='ocrx_word' id='word_1_182' title='bbox 909 3327 972 3383; x_wconf 72' lang='grc'><strong>467</strong></span> <span class='ocrx_word' id='word_1_183' title='bbox 1010 3321 1203 3384; x_wconf 86' lang='lat' dir='ltr'><strong>chartaceus</strong></span> <span class='ocrx_word' id='word_1_184' title='bbox 1238 3321 1272 3384; x_wconf 95' lang='lat' dir='ltr'><strong>in</strong></span> <span class='ocrx_word' id='word_1_185' title='bbox 1309 3327 1355 3404; x_wconf 78' lang='lat'><strong>8⁰,</strong></span> 
     </span>
     <span class='ocr_line' id='line_1_26' title="bbox 173 3427 1356 3508; baseline -0.002 -14"><span class='ocrx_word' id='word_1_186' title='bbox 173 3448 259 3494; x_wconf 72' lang='lat' dir='ltr'><strong>vsaec.</strong></span> <span class='ocrx_word' id='word_1_187' title='bbox 295 3430 376 3494; x_wconf 84' lang='lat' dir='ltr'><strong>XIV</strong></span> <span class='ocrx_word' id='word_1_188' title='bbox 413 3437 449 3493; x_wconf 93' lang='lat' dir='ltr'><strong>ut</strong></span> <span class='ocrx_word' id='word_1_189' title='bbox 486 3429 615 3493; x_wconf 89' lang='lat' dir='ltr'><strong>videtur</strong></span> <span class='ocrx_word' id='word_1_190' title='bbox 653 3429 795 3508; x_wconf 85' lang='lat' dir='ltr'><strong>scriptus</strong></span> <span class='ocrx_word' id='word_1_191' title='bbox 835 3432 875 3492; x_wconf 86' lang='lat' dir='ltr'><strong>ab</strong></span> <span class='ocrx_word' id='word_1_192' title='bbox 911 3430 969 3493; x_wconf 88' lang='lat' dir='ltr'><strong>Im.</strong></span> <span class='ocrx_word' id='word_1_193' title='bbox 1006 3427 1157 3492; x_wconf 83' lang='lat' dir='ltr'><strong>Bekkero</strong></span> <span class='ocrx_word' id='word_1_194' title='bbox 1193 3429 1227 3491; x_wconf 90' lang='lat' dir='ltr'><strong>in</strong></span> <span class='ocrx_word' id='word_1_195' title='bbox 1262 3445 1356 3492; x_wconf 90' lang='lat' dir='ltr'><strong>usum</strong></span> 
     </span>
     <span class='ocr_line' id='line_1_27' title="bbox 177 3534 1359 3616; baseline 0 -15"><span class='ocrx_word' id='word_1_196' title='bbox 177 3537 357 3601; x_wconf 88' lang='lat' dir='ltr'><strong>Hermanni</strong></span> <span class='ocrx_word' id='word_1_197' title='bbox 382 3542 414 3601; x_wconf 92' lang='lat' dir='ltr'><strong>et</strong></span> <span class='ocrx_word' id='word_1_198' title='bbox 438 3556 457 3600; x_wconf 92' lang='lat' dir='ltr'><strong>a</strong></span> <span class='ocrx_word' id='word_1_199' title='bbox 480 3536 599 3601; x_wconf 88' lang='lat' dir='ltr'><strong>Jebbio</strong></span> <span class='ocrx_word' id='word_1_200' title='bbox 622 3536 790 3616; x_wconf 87' lang='lat' dir='ltr'><strong>inspectus</strong></span> <span class='ocrx_word' id='word_1_201' title='bbox 814 3546 872 3601; x_wconf 91' lang='lat' dir='ltr'><strong>est.</strong></span> <span class='ocrx_word' id='word_1_202' title='bbox 921 3537 1070 3616; x_wconf 85' lang='lat' dir='ltr'><strong>Magnam</strong></span> <span class='ocrx_word' id='word_1_203' title='bbox 1099 3534 1243 3599; x_wconf 87' lang='lat' dir='ltr'><strong>codicum</strong></span> <span class='ocrx_word' id='word_1_204' title='bbox 1269 3536 1299 3600; x_wconf 86' lang='lat' dir='ltr'><strong>R</strong></span> <span class='ocrx_word' id='word_1_205' title='bbox 1323 3542 1359 3601; x_wconf 88' lang='lat' dir='ltr'><strong>et</strong></span> 
     </span>
     <span class='ocr_line' id='line_1_28' title="bbox 177 3642 1358 3724; baseline -0.003 -15"><span class='ocrx_word' id='word_1_206' title='bbox 177 3645 220 3709; x_wconf 81' lang='lat' dir='ltr'><strong>V³</strong></span> <span class='ocrx_word' id='word_1_207' title='bbox 242 3664 314 3709; x_wconf 86' lang='lat' dir='ltr'><strong>cum</strong></span> <span class='ocrx_word' id='word_1_208' title='bbox 332 3645 528 3709; x_wconf 89' lang='lat' dir='ltr'><strong>ParisinoA</strong></span> <span class='ocrx_word' id='word_1_209' title='bbox 552 3644 798 3708; x_wconf 89' lang='lat' dir='ltr'><strong>similitudinem</strong></span> <span class='ocrx_word' id='word_1_210' title='bbox 823 3644 857 3708; x_wconf 92' lang='lat' dir='ltr'><strong>in</strong></span> <span class='ocrx_word' id='word_1_211' title='bbox 881 3643 1047 3708; x_wconf 94' lang='lat' dir='ltr'><strong>nonnullis</strong></span> <span class='ocrx_word' id='word_1_212' title='bbox 1071 3643 1222 3707; x_wconf 87' lang='lat' dir='ltr'><strong>versibus</strong></span> <span class='ocrx_word' id='word_1_213' title='bbox 1239 3642 1358 3724; x_wconf 91' lang='lat' dir='ltr'><strong>Oedipi</strong></span> 
     </span>
     <span class='ocr_line' id='line_1_29' title="bbox 179 3750 1357 3831; baseline 0 -16"><span class='ocrx_word' id='word_1_214' title='bbox 179 3752 243 3816; x_wconf 88' lang='lat' dir='ltr'><strong>Ool.</strong></span> <span class='ocrx_word' id='word_1_215' title='bbox 268 3752 439 3817; x_wconf 92' lang='lat' dir='ltr'><strong>ostendere</strong></span> <span class='ocrx_word' id='word_1_216' title='bbox 463 3752 545 3816; x_wconf 89' lang='lat' dir='ltr'><strong>satis</strong></span> <span class='ocrx_word' id='word_1_217' title='bbox 569 3753 642 3815; x_wconf 90' lang='lat' dir='ltr'><strong>erit.</strong></span> <span class='ocrx_word' id='word_1_218' title='bbox 688 3751 815 3816; x_wconf 80' lang='lat' dir='ltr'><strong>ARV³</strong></span> <span class='ocrx_word' id='word_1_219' title='bbox 840 3753 998 3831; x_wconf 87' lang='lat' dir='ltr'><strong>praebent</strong></span> <span class='ocrx_word' id='word_1_220' title='bbox 1022 3751 1081 3814; x_wconf 90' lang='lat' dir='ltr'><strong>has</strong></span> <span class='ocrx_word' id='word_1_221' title='bbox 1107 3750 1278 3814; x_wconf 90' lang='lat' dir='ltr'><strong>lectiones:</strong></span> <span class='ocrx_word' id='word_1_222' title='bbox 1305 3754 1357 3815; x_wconf 85' lang='lat'><strong>34.</strong></span> 
     </span>
     <span class='ocr_line' id='line_1_30' title="bbox 174 3848 1357 3943; baseline 0 -23"><span class='ocrx_word' id='word_1_223' title='bbox 174 3851 277 3928; x_wconf 63' lang='lat' dir='ltr'><strong>aricio</strong></span> <span class='ocrx_word' id='word_1_224' title='bbox 307 3859 341 3920; x_wconf 71' lang='grc' dir='ltr'><strong>θ’</strong></span> <span class='ocrx_word' id='word_1_225' title='bbox 371 3895 413 3904; x_wconf 87' lang='grc'><strong>--</strong></span> <span class='ocrx_word' id='word_1_226' title='bbox 442 3853 540 3942; x_wconf 74' lang='grc' dir='ltr'><strong><em>αὐτῆς</em></strong></span> <span class='ocrx_word' id='word_1_227' title='bbox 572 3859 690 3924; x_wconf 89' lang='lat' dir='ltr'><strong>omisso</strong></span> <span class='ocrx_word' id='word_1_228' title='bbox 714 3859 749 3921; x_wconf 71' lang='grc' dir='ltr'><strong>θ’</strong></span> <span class='ocrx_word' id='word_1_229' title='bbox 773 3859 821 3922; x_wconf 84' lang='lat' dir='ltr'><strong>Ll</strong></span> <span class='ocrx_word' id='word_1_230' title='bbox 852 3856 855 3943; x_wconf 72' lang='lat' dir='ltr'><strong>l</strong></span> <span class='ocrx_word' id='word_1_231' title='bbox 889 3862 942 3922; x_wconf 68' lang='lat'><strong>47.</strong></span> <span class='ocrx_word' id='word_1_232' title='bbox 973 3848 1049 3920; x_wconf 73' lang='grc' dir='ltr'><strong>οὐδὲ</strong></span> <span class='ocrx_word' id='word_1_233' title='bbox 1080 3861 1195 3938; x_wconf 75' lang='grc' dir='ltr'><strong><em>μέντοι</em></strong></span> <span class='ocrx_word' id='word_1_234' title='bbox 1225 3894 1258 3902; x_wconf 93' lang='grc'><strong>-</strong></span> <span class='ocrx_word' id='word_1_235' title='bbox 1286 3852 1357 3920; x_wconf 79' lang='grc' dir='ltr'><strong>οὐδ’</strong></span> 
     </span>
     <span class='ocr_line' id='line_1_31' title="bbox 178 3944 1358 4051; baseline 0.003 -23"><span class='ocrx_word' id='word_1_236' title='bbox 178 3960 261 4046; x_wconf 78' lang='grc' dir='ltr'><strong><em>ἐμόν</em></strong></span> <span class='ocrx_word' id='word_1_237' title='bbox 284 3986 336 4028; x_wconf 82' lang='lat' dir='ltr'><strong>cot</strong></span> <span class='ocrx_word' id='word_1_238' title='bbox 359 3965 411 4029; x_wconf 83' lang='lat' dir='ltr'><strong>Ll</strong></span> <span class='ocrx_word' id='word_1_239' title='bbox 448 3962 451 4051; x_wconf 65' lang='lat' dir='ltr'><strong>l</strong></span> <span class='ocrx_word' id='word_1_240' title='bbox 491 3971 540 4030; x_wconf 87' lang='lat'><strong>70.</strong></span> <span class='ocrx_word' id='word_1_241' title='bbox 563 3950 614 4049; x_wconf 74' lang='grc' dir='ltr'><strong>ἆρ’</strong></span> <span class='ocrx_word' id='word_1_242' title='bbox 638 3961 681 4028; x_wconf 84' lang='grc' dir='ltr'><strong>ἄν</strong></span> <span class='ocrx_word' id='word_1_243' title='bbox 705 4002 747 4012; x_wconf 93' lang='lat'><em>-</em></span> <span class='ocrx_word' id='word_1_244' title='bbox 770 3945 822 4050; x_wconf 70' lang='grc' dir='ltr'><strong>ἆρ’</strong></span> <span class='ocrx_word' id='word_1_245' title='bbox 846 3944 904 4028; x_wconf 71' lang='grc' dir='ltr'><strong>οὖν</strong></span> <span class='ocrx_word' id='word_1_246' title='bbox 932 3967 960 4030; x_wconf 84' lang='lat' dir='ltr'>L</span> <span class='ocrx_word' id='word_1_247' title='bbox 984 3973 1018 4029; x_wconf 77' lang='lat' dir='ltr'><strong>et</strong></span> <span class='ocrx_word' id='word_1_248' title='bbox 1041 3965 1111 4029; x_wconf 79' lang='lat' dir='ltr'><strong>rell.</strong></span> <span class='ocrx_word' id='word_1_249' title='bbox 1136 3964 1225 4029; x_wconf 86' lang='lat' dir='ltr'><strong>codd.</strong></span> <span class='ocrx_word' id='word_1_250' title='bbox 1264 3961 1267 4050; x_wconf 65' lang='lat' dir='ltr'><strong>l</strong></span> <span class='ocrx_word' id='word_1_251' title='bbox 1307 3971 1358 4031; x_wconf 77' lang='lat' dir='ltr'><strong>tl.</strong></span> 
     </span>
     <span class='ocr_line' id='line_1_32' title="bbox 180 4071 1358 4158; baseline 0.003 -23"><span class='ocrx_word' id='word_1_252' title='bbox 180 4074 298 4155; x_wconf 80' lang='grc' dir='ltr'><em>μολεῖν</em></span> <span class='ocrx_word' id='word_1_253' title='bbox 322 4111 365 4120; x_wconf 98' lang='grc'>-</span> <span class='ocrx_word' id='word_1_254' title='bbox 389 4082 423 4138; x_wconf 87' lang='lat' dir='ltr'><strong>et</strong></span> <span class='ocrx_word' id='word_1_255' title='bbox 448 4073 565 4139; x_wconf 86' lang='lat' dir='ltr'><strong>Suidas</strong></span> <span class='ocrx_word' id='word_1_256' title='bbox 589 4094 612 4139; x_wconf 91' lang='lat' dir='ltr'><strong>s.</strong></span> <span class='ocrx_word' id='word_1_257' title='bbox 637 4094 666 4139; x_wconf 91' lang='lat' dir='ltr'><strong>v.</strong></span> <span class='ocrx_word' id='word_1_258' title='bbox 692 4074 878 4158; x_wconf 77' lang='grc' dir='ltr'><strong><em>καταρτίζω,</em></strong></span> <span class='ocrx_word' id='word_1_259' title='bbox 915 4071 1011 4155; x_wconf 83' lang='grc' dir='ltr'><em>μόλοι</em></span> <span class='ocrx_word' id='word_1_260' title='bbox 1038 4075 1066 4138; x_wconf 79' lang='lat' dir='ltr'>L</span> <span class='ocrx_word' id='word_1_261' title='bbox 1098 4079 1132 4138; x_wconf 94' lang='lat' dir='ltr'><strong>et</strong></span> <span class='ocrx_word' id='word_1_262' title='bbox 1155 4080 1230 4139; x_wconf 88' lang='lat' dir='ltr'><strong>cett.</strong></span> <span class='ocrx_word' id='word_1_263' title='bbox 1256 4073 1358 4145; x_wconf 79' lang='lat' dir='ltr'><strong>codd,</strong></span> 
     </span>
     <span class='ocr_line' id='line_1_33' title="bbox 180 4179 1358 4267; baseline -0.003 -21"><span class='ocrx_word' id='word_1_264' title='bbox 180 4187 353 4261; x_wconf 87' lang='lat' dir='ltr'><strong>utramque</strong></span> <span class='ocrx_word' id='word_1_265' title='bbox 376 4181 547 4245; x_wconf 90' lang='lat' dir='ltr'><strong>lectionem</strong></span> <span class='ocrx_word' id='word_1_266' title='bbox 571 4183 719 4262; x_wconf 86' lang='lat' dir='ltr'><strong>agnoscit</strong></span> <span class='ocrx_word' id='word_1_267' title='bbox 742 4182 920 4247; x_wconf 86' lang='lat' dir='ltr'><strong>scholiasta</strong></span> <span class='ocrx_word' id='word_1_268' title='bbox 946 4179 949 4267; x_wconf 77' lang='lat' dir='ltr'><strong>l</strong></span> <span class='ocrx_word' id='word_1_269' title='bbox 978 4189 1049 4248; x_wconf 78' lang='lat'>122.</span> <span class='ocrx_word' id='word_1_270' title='bbox 1066 4184 1301 4265; x_wconf 69' lang='lat' dir='ltr'><strong>apocabayyoo</strong></span> <span class='ocrx_word' id='word_1_271' title='bbox 1316 4219 1358 4230; x_wconf 89' lang='lat'><em>-</em></span> 
     </span>
     <span class='ocr_line' id='line_1_34' title="bbox 174 4269 1360 4374; baseline 0.002 -21"><span class='ocrx_word' id='word_1_272' title='bbox 174 4286 398 4374; x_wconf 71' lang='grc' dir='ltr'><em>προσπεύθου</em></span> <span class='ocrx_word' id='word_1_273' title='bbox 430 4289 457 4352; x_wconf 84' lang='lat' dir='ltr'>L</span> <span class='ocrx_word' id='word_1_274' title='bbox 482 4295 516 4353; x_wconf 87' lang='lat' dir='ltr'><strong>et</strong></span> <span class='ocrx_word' id='word_1_275' title='bbox 538 4288 606 4353; x_wconf 89' lang='lat' dir='ltr'><strong>rell.</strong></span> <span class='ocrx_word' id='word_1_276' title='bbox 632 4286 636 4364; x_wconf 76' lang='lat' dir='ltr'><strong>l</strong></span> <span class='ocrx_word' id='word_1_277' title='bbox 665 4295 738 4355; x_wconf 83' lang='lat'><strong>335.</strong></span> <span class='ocrx_word' id='word_1_278' title='bbox 763 4284 974 4370; x_wconf 73' lang='grc' dir='ltr'><em>αὐθόμαιμοι</em></span> <span class='ocrx_word' id='word_1_279' title='bbox 1064 4269 1141 4352; x_wconf 71' lang='grc' dir='ltr'><strong>αὖθ’</strong></span> <span class='ocrx_word' id='word_1_280' title='bbox 1164 4279 1307 4368; x_wconf 80' lang='grc' dir='ltr'><strong><em>ὅμαιμοι</em></strong></span> <span class='ocrx_word' id='word_1_281' title='bbox 1330 4290 1360 4355; x_wconf 82' lang='lat' dir='ltr'>L</span> 
     </span>
    </p>
   </div>
   <div class='ocr_carea' id='block_1_6' title="bbox 0 0 1497 4890">
    <p class='ocr_par' dir='ltr' id='par_1_7' title="bbox 0 0 1497 4890">
     <span class='ocr_line' id='line_1_35' title="bbox 0 0 1497 4890; baseline 0 0"><span class='ocrx_word' id='word_1_282' title='bbox 0 0 1497 4890; x_wconf 95' lang='lat' dir='ltr'><strong> </strong></span> 
     </span>
    </p>
   </div>
  </div>
 </body>
</html>
