2964 4890
623 316 843 376 -28-

147 509 269 574 formas
308 506 566 587 confunderet.*)
625 505 717 589 Quod
756 507 879 588 primus
918 506 1079 571 Francius
1117 504 1334 570 intellexisse

49 598 51 603 ¹
149 615 288 698 videtur,
314 614 369 694 qui
392 615 455 679 iam
479 633 508 680 a.
534 619 619 679 1846
644 612 949 696 animadvertit**),
973 613 1020 696 L,
1046 613 1161 677 sinon
1186 612 1256 692 ipse
1279 612 1332 674 ab

148 723 327 810 archetypo*
348 721 469 787 litteris
493 723 690 804 capitalibus
714 723 835 804 scripto
859 722 1016 804 originem
1040 721 1179 803 duxerit,
1213 728 1329 786 tamen

148 847 188 895 ex
226 831 413 910 apographo
453 835 541 895 certe
576 831 759 895 derivatum
793 849 879 914 esse,
919 828 1003 910 quod
1039 848 1079 895 ex
1118 828 1177 893 tali
1213 828 1329 896 codice

148 936 355 1001 manavisset.
387 936 558 1006 -Eandem
599 937 794 1002 sententiam
832 935 1062 1016 pronuntiavit
1095 929 1321 1016 Kvicala***).

147 1043 299 1122 Plerique
323 1043 385 1106 uiri
410 1044 495 1108 docti
520 1049 558 1108 ut
575 1043 612 1110 G.
629 1040 893 1129 Hermannus†),
917 1037 1175 1127 Diudorfiusffi)
1200 1042 1332 1123 aliique

147 1149 184 1214 L.
209 1169 248 1214 ex
273 1150 450 1232 archetypo
473 1151 662 1215 maiusculis
684 1151 805 1216 litteris
829 1150 950 1231 scripto
973 1146 1245 1236 repetunt.†††).

242 1383 297 1445 13.
323 1379 380 1445 De
406 1380 549 1446 codicis
572 1379 614 1445 L.
640 1379 864 1446 condicione
891 1387 927 1445 et
951 1377 1232 1464 auctoritate-§l
1339 1406 1342 1410 ·

254 1523 511 1589 Laurentianum
527 1523 556 1588 L
573 1523 714 1588 onmium
736 1523 833 1588 trium
856 1507 1035 1605 poetarum,
1060 1540 1141 1603 quos
1165 1523 1331 1606 continet,

147 1630 328 1711 Sophoclis,
361 1630 529 1713 Aeschyli,
563 1629 727 1710 Apollonii
760 1635 794 1695 et
816 1630 1076 1696 vetustissimum
1106 1636 1140 1695 et
1164 1630 1323 1711 optimum

148 1723 287 1802 codicem
322 1755 393 1802 esse
425 1738 511 1801 inter
544 1754 655 1801 omnes
686 1743 823 1801 constat.
877 1735 995 1802 Omnes
1030 1737 1173 1816 reliquos
1206 1737 1326 1820 libros,

147 1852 226 1926 quot
246 1844 471 1924 innotuerunt,
495 1862 536 1908 ex
559 1843 615 1907 illo
639 1861 800 1926 manasse,
826 1844 910 1923 qnod
927 1843 966 1906 ad
985 1843 1173 1923 Sophoclem
1192 1843 1323 1927 attinet,

146 1950 234 2017 infra
270 1952 491 2016 demonstrare
526 1951 730 2031 conabimur,
767 1950 806 2013 de
838 1950 1001 2030 Aeschylo
1036 1951 1121 2015 idem
1158 1951 1213 2016 alii
1250 1969 1336 2015 con·-

146 2059 330 2124 teudernnt.
376 2058 595 2126 Nihilominus
624 2059 727 2138 primo
751 2060 867 2122 obtutu
898 2057 1048 2140 intellegi
1076 2063 1194 2140 potest,
1229 2076 1336 2139 prae·-

147 2165 385 2251 stantissimum
401 2165 684 2230 nostrum'librum
699 2166 736 2230 L.
753 2165 840 2230 haud
864 2165 976 2244 paucis
1001 2165 1209 2246 gravioribus
1231 2164 1327 2230 vitiis

146 2274 210 2339 iarn
228 2268 443 2353 depravatum
461 2290 543 2355 esse,
569 2290 703 2352 quorum
729 2272 831 2337 maior
855 2291 931 2353 pars
955 2272 1018 2336 iam
1045 2272 1085 2336 ad
1111 2273 1327 2354 archetypum

146 2380 361 2468 Laurentiani
393 2387 481 2444 certe
508 2379 680 2444 reterenda
703 2387 764 2462 est,
798 2397 904 2459 eaque·
933 2397 1000 2444 non
1029 2379 1167 2444 multum
1197 2385 1326 2444 mutata

147 2507 204 2568 per
228 2487 257 2550 L
280 2487 314 2550 in
340 2505 449 2551 omnes
479 2504 559 2567 quos
583 2487 741 2550 habemus
774 2486 873 2550 libros
903 2487 1115 2551 transierunt.
1161 2486 1323 2565 Pleraque
1369 2525 1370 2528 =

37 2593 39 2598 ’
146 2594 277 2675 menda,
310 2594 427 2673 quibus
450 2594 487 2658 L.
520 2595 661 2676 laborat,
693 2593 756 2658 iam
790 2592 1025 2672 antiquissimis
1057 2593 1253 2674 temporibus
1282 2591 1316 2653 in

146 2706 272 2764 textum
288 2699 460 2780 irrepsisse
478 2699 674 2765 credendum
699 2705 759 2764 est.
804 2698 842 2762 Id
867 2699 995 2779 quidem
1021 2717 1060 2763 ex
1077 2700 1208 2764 scholiis
1225 2697 1318 2778 plane

146 2807 380 2888 cognoscimus,
413 2824 497 2886 quae
527 2812 713 2886 corruptam
742 2811 854 2870 textus
886 2805 1058 2870 lectionem
1083 2816 1265 2888 agnoscunt
1287 2809 1320 2868 et

145 2913 209 2977 iam
246 2907 307 2989 „coi
336 2909 467 2976 παλαιὰ
495 2906 703 2997 ἀντίγραφαίί
738 2915 792 2980 vel
825 2909 887 2991 „cti
918 2911 1145 2998 notatorapu“
1177 2914 1230 2981 vel
1258 2907 1335 2988 ,,τα’4

146 3020 222 3084 λίαν
266 3018 420 3083 παλαιοῦ(
471 3022 561 3086 illam
607 3022 660 3087 uel
707 3021 843 3086 similem
891 3022 1087 3103 scripturam
1134 3021 1323 3086 exhibuisse

145 3129 373 3211 testantur.§§)
413 3129 630 3193 Nihilominus
654 3128 823 3209 Sophoclis
846 3126 978 3194 fabulae
1001 3130 1102 3193 multo
1126 3127 1336 3208 integriores.

207 3322 233 3387 *)
251 3323 391 3377 Permulta
404 3323 525 3389 exempla
537 3323 590 3376 huc
602 3322 766 3388 pertinentia
778 3322 945 3390 collegerunt
957 3321 1107 3390 Wecklein,
1120 3323 1173 3376 Ars
1185 3321 1327 3388 Sophoclis

253 3413 420 3468 emendandi.
439 3413 610 3481 Wircehurgi
626 3412 703 3466 1869.
721 3428 749 3478 p.
761 3414 778 3464 2
789 3427 854 3480 sqq,
873 3413 909 3466 M.
924 3411 1045 3480 Seyffert,
1065 3411 1170 3465 Indices
1189 3410 1224 3463 ad
1236 3410 1326 3477 Alae,

251 3503 331 3569 Phih,
350 3503 414 3556 Ant.
435 3503 553 3570 edition,
573 3501 684 3556 Suhkoh
703 3501 737 3554 ad
756 3501 853 3556 Trach.
872 3502 936 3564 edit.

192 3593 231 3661 **)
251 3592 297 3646 des
316 3592 421 3659 Aescyl.
443 3592 572 3661 Oresteia,
592 3608 617 3659 p.
637 3592 698 3646 318.
1093 3650 1095 3657 χ

177 3681 235 3746 ¹¹“ml
254 3682 384 3736 Zeitschr.
404 3683 422 3735 i.
442 3686 552 3736 oesterr.
572 3681 667 3749 Gymn.
687 3681 741 3736 vol.
762 3683 794 3736 17
816 3680 907 3752 [1866]
927 3698 953 3748 p.
973 3681 1016 3734 25.

201 3772 233 3840 †)
253 3772 348 3825 Aesch.
367 3779 460 3839 tragg.
478 3771 552 3838 Lips.
573 3772 641 3825 1852
661 3771 713 3825 vol.
732 3771 762 3824 H
780 3771 864 3838 praef.
884 3769 919 3823 ad
937 3769 1028 3836 Suppl.

180 3861 234 3929 ††)
253 3861 293 3914 ed.
312 3860 356 3913 III
376 3859 459 3913 Onon.
479 3860 530 3914 vol.
550 3862 572 3915 I.

159 3950 232 4020 l-l-l)
252 3949 327 4016 Quod
354 3950 387 4003 ad
413 3950 557 4003 eruendam
582 3955 709 4004 naturam
733 3949 806 4003 illius
825 3949 964 4016 archetypi
982 3948 1177 4014 ThompsonuS,
1205 3946 1333 4000 Facsim..

250 4039 334 4106 praei
353 4056 379 4107 p.
398 4040 416 4093 8
434 4039 555 4108 coniecit,
574 4039 676 4093 nullam
695 4039 913 4107 probabilitatem
932 4037 1030 4091 hahere
1049 4037 1114 4090 mihi
1133 4036 1248 4090 videtur.

221 4129 232 4197 )
251 4129 285 4184 ci.
304 4129 381 4198 Jebb,
400 4129 513 4183 Facsim.
533 4129 616 4196 praef.
635 4145 661 4196 p.
681 4130 715 4182 12
729 4144 786 4195 sqq.
805 4132 834 4181 et
851 4127 936 4194 praei.
957 4127 991 4180 ad
1010 4125 1040 4180 0.
1060 4127 1092 4180 Τ.
1110 4142 1136 4193 p.
1151 4124 1243 4179 LVIII
1253 4139 1330 4191 sqq,

250 4218 381 4287 Dindori,
400 4220 477 4273 Poet.
497 4218 598 4273 Scenici
618 4218 712 4272 Graeci
732 4218 773 4273 ed.
791 4217 816 4272 V
834 4217 907 4285 Lips.
927 4216 997 4270 1869
1016 4231 1041 4282 p.
1060 4214 1123 4269 VH.

204 4129 220 4197 i

187 4308 230 4378 ἐξ)
251 4308 285 4363 cf.
305 4309 391 4363 Schol.
411 4310 446 4362 ad
465 4308 496 4364 0.
516 4308 756 4376 essetnec.
