2964 4890
592 334 813 393 „61-

116 564 163 626 re·
187 539 358 627 mudum
386 524 458 625 L23
492 537 637 628 notre
668 563 716 625 re·
742 536 915 626 mudum
940 541 978 608 G·
1016 540 1019 626 l
1059 548 1155 612 1401·
1181 537 1232 608 ὅτι
1249 546 1296 611 'L-

116 671 162 733 γρ.
187 641 268 712 ὅταν
291 631 346 716 Ii>³
369 652 402 714 in
426 669 541 732 marg.;
566 641 618 712 ὅτι
642 670 689 731 γρ.
713 640 793 710 όταν
810 649 848 714 G.
873 644 877 734 l
904 648 987 715 Phil.
1006 655 1101 715 1052.
1124 647 1296 739 χρῄζωνΙι

116 779 161 840 γρ.
178 760 331 840 κρείσσων
347 739 418 839 Lm
440 751 563 845 χρῄζων
587 776 635 839 γρ.
652 758 807 840 κρείσσων
824 756 863 823 G.
888 753 892 840 Ι
918 756 1000 821 Phil.
1020 763 1115 824 1401.
1134 753 1241 838 λόγοις
1257 758 1296 822 L.

116 886 161 947 γρ.
186 860 273 943 γόοις
297 846 351 930 ij
359 883 367 946 3
390 859 495 944 λόγοις
519 884 565 946 γρ.
590 859 678 942 γόοις
701 863 740 929 G.

221 972 401 1051 Pleraeque
423 971 580 1037 lectiones
604 970 771 1036 variantes
795 990 814 1034 a
838 989 936 1036 manu
960 972 1103 1037 secunda
1119 971 1172 1037 vel
1189 971 1291 1036 tertia

116 1079 241 1143 demum
258 1079 292 1143 in
306 1079 334 1146 C
347 1080 459 1144 illatae
476 1079 639 1160 videntur,
657 1078 740 1159 quod
758 1078 792 1142 in
805 1079 939 1144 Electra
952 1079 1079 1159 quidem
1093 1074 1216 1144 certum
1231 1084 1292 1161 est,

115 1186 220 1266 quain
230 1185 341 1250 fabula
351 1186 484 1250 Hiuckii
494 1204 592 1270 opera
602 1185 722 1265 ubique
732 1185 1144 1251 devariismanibusnobis
1155 1191 1296 1250 constat.

221 1295 336 1374 Itaque
360 1296 389 1359 si
413 1313 524 1360 verum
549 1302 609 1377 est,
642 1293 728 1375 quod
752 1293 999 1375 disputavimus,
1036 1295 1136 1360 codex
1161 1294 1191 1359 C
1215 1312 1290 1358 curn

115 1401 143 1464 L
172 1410 244 1465 arta
279 1401 520 1467 necessitudine
555 1401 747 1466 coniunctus
782 1407 816 1465 et
850 1420 890 1466 ex
925 1401 1068 1466 eiusdem
1104 1402 1294 1483 apographo

115 1508 266 1588 aliquoa
291 1509 513 1590 grammaticis
537 1510 607 1575 sive
631 1509 802 1574 emendato
826 1508 896 1574 sive
921 1509 1108 1592 depravato,
1134 1528 1220 1573 nunc
1241 1509 1296 1572 de-

113 1615 241 1696 perdito
272 1621 455 1697 exscriptus
486 1622 545 1682 est.
591 1617 673 1680 Nam
697 1616 737 1681 ad
763 1616 933 1680 librarium
957 1616 1074 1699 ipsum,
1115 1616 1170 1697 qui
1201 1615 1294 1679 illum

113 1723 231 1787 librum
269 1725 433 1806 exaravit,
469 1724 544 1788 illas
581 1724 780 1788 mutationes
816 1722 1005 1788 referendas
1040 1742 1125 1806 esse,
1162 1722 1296 1787 minime

115 1830 268 1922 credibile
299 1839 358 1911 est,
395 1849 466 1896 cum
501 1849 573 1896 eum
606 1832 820 1913 neglegenter
850 1837 884 1895 et
917 1831 1025 1897 minus
1059 1831 1223 1912 sagaciter
1257 1830 1294 1893 in

114 1938 198 2002 libro
223 1945 387 2003 versatum
411 1957 482 2003 esse
505 1939 720 2004 inveniamus.
767 1939 875 2004 Codex
892 1941 921 2005 G
936 1940 1039 2019 igitur
1062 1957 1126 2002 non
1151 1937 1296 2018 optimae

115 2045 255 2125 quidem,
280 2046 338 2110 sed
362 2030 471 2110 tamen
496 2046 638 2111 melioris
662 2055 759 2112 notae
781 2046 865 2112 liber
889 2047 1041 2112 cautIone
1065 2045 1212 2110 adhibita
1229 2062 1294 2108 uon

115 2153 316 2232 spernendus
348 2160 408 2235 est,
445 2152 637 2233 praesertim
667 2171 738 2217 cum
770 2153 894 2218 scheba
925 2153 1081 2217 nonnulla
1112 2153 1297 2234 integriora

115 2259 276 2324 exhibeat.

225 2526 285 2622 De
320 2525 474 2624 oodioe
506 2421 815 2623 Laureniiano
848 2524 1000 2644 XXXI,
1033 2535 1080 2622 10
1114 2526 1183 2647 (l).

221 2688 329 2754 Codex
359 2688 577 2754 bibliothecae
606 2688 850 2753 Laurentianae
884 2689 964 2767 plut.
987 2689 1106 2754 XXXI
1143 2689 1226 2754 liber
1248 2689 1293 2774 X,

114 2796 213 2875 vulgo
229 2797 279 2860 Lb
303 2797 356 2861 vel
373 2798 425 2879 LI,
452 2796 609 2861 alehnio
633 2797 743 2876 aptius
769 2796 881 2861 littera
906 2795 960 2878 „l“
986 2797 1144 2880 signatus
1170 2817 1190 2862 a
1213 2797 1296 2864 viris

114 2903 228 2981 doctis,
265 2903 318 2982 qui
353 2921 424 2967 eum
450 2903 732 2984 examinaverunt,
768 2904 898 2968 saeculo
922 2904 1004 2969 XIV
1028 2905 1193 2969 tribuitur.
1239 2907 1293 2970 Ab

113 3028 176 3074 uno
200 3009 335 3073 librario
360 3009 537 3091 diligenter
560 3016 714 3074 exaratus
738 3019 772 3075 et
793 3011 972 3092 abeodem,
998 3017 1035 3075 ut
1058 3011 1197 3095 videtur,
1224 3031 1293 3076 cor-

111 3124 221 3182 rectus
246 3121 278 3180 et
302 3116 535 3180 additamentis
559 3117 741 3182 instructus
764 3124 823 3182 est.
862 3118 1015 3183 Continet
1038 3137 1148 3183 omnes
1168 3125 1292 3200 septem

112 3223 241 3288 fabulas
276 3223 385 3288 eodem
423 3231 522 3303 atque
557 3225 584 3288 L
619 3224 744 3290 ordine.
795 3225 940 3291 Collatus
975 3233 1026 3291 est
1061 3226 1101 3289 ab
1136 3227 1294 3292 Elmsleio

112 3351 141 3397 a.
168 3335 252 3396 laxo
276 3331 309 3395 in
335 3331 483 3396 omnibus
507 3330 637 3413 fabuIIs,
663 3331 914 3414 diligentissime
937 3333 971 3397 in
996 3332 1119 3413 Oedipo
1144 3334 1220 3417 Col,
1250 3337 1292 3399 ab

111 3439 254 3503 Hinckio
278 3438 312 3502 in
337 3437 373 3503 0.
397 3438 504 3503 Iahnii
536 3456 628 3503 usum
654 3438 688 3503 in
713 3440 855 3520 Electra,
875 3440 933 3503 ,ab
958 3438 1126 3505 Subkolfio
1149 3460 1177 3504 a.
1206 3446 1293 3506 1876

111 3545 145 3609 in
170 3543 403 3626 'Iruchiniis.*)
1046 3541 1052 3550 ’

219 3653 252 3718 Si
287 3653 443 3718 lectiones
479 3653 650 3719 codicisL
682 3661 715 3719 et
744 3653 757 3717 l
789 3671 1022 3734 comparamus,
1058 3653 1176 3718 librum
1201 3654 1214 3718 l
1243 3656 1293 3719 in·

111 3760 369 3825 numerabilibus
392 3761 472 3826 locis
497 3761 677 3827 mirabilem
707 3761 741 3824 in
765 3761 894 3825 modum
919 3760 950 3824 in
975 3779 1021 3841 eo,
1059 3761 1143 3840 quod
1167 3761 1196 3826 L
1219 3781 1291 3826 cum

111 3885 236 3949 verum,
272 3875 340 3931 tum
372 3869 536 3949 proprium
569 3876 601 3935 et
626 3869 780 3936 vitiosum
814 3869 921 3949 habet,
958 3887 1028 3933 cum
1054 3869 1082 3934 L
1106 3869 1295 3934 consentire

111 3974 215 4055 primo
255 3975 371 4039 obtutu
411 3975 641 4056 intellegimus.
704 3975 795 4059 Quae
832 3976 921 4040 inter
960 3981 1131 4056 utrumque
1170 3976 1290 4041 librum

174 4150 200 4216 *)
220 4151 253 4205 ci.
285 4151 388 4205 Armin.
419 4151 602 4219 Metliliovita,
643 4153 680 4206 De
711 4153 848 4220 Sophoclis
882 4153 972 4207 codice
1002 4153 1185 4206 Laurentiano
1222 4153 1292 4221 plut.

218 4239 301 4308 XXX,
322 4242 364 4295 io.
402 4239 433 4293 In
461 4240 619 4294 Dissertatt.
648 4242 738 4310 philol.
763 4242 914 4296 Vindobon.
938 4241 967 4298 II
996 4258 1020 4310 p.
1041 4242 1192 4309 aru-302,
1221 4258 1294 4308 quae

219 4330 373 4386 dissertatio
392 4330 457 4384 mihi
475 4338 584 4398 praesto
602 4348 657 4385 non
676 4331 738 4387 luit.
