2964 4890
620 289 839 348 ..24-

144 487 277 560 tempus
299 480 456 560 servavit,
491 480 642 560 quoniam
672 480 796 545 scholia
824 497 952 560 quoque
975 480 1154 560 posteriore
1175 485 1330 558 tempore

143 587 363 653 adscribenda
385 588 449 652 sibi
472 588 651 668 proposuit.

255 695 490 760 Examiuantes
513 703 676 776 postremo
707 694 780 759 illas
805 694 960 759 lectiones
981 694 1082 776 ipsae,
1118 695 1232 775 qualos
1255 693 1327 759 siut

143 802 282 882 etquid
311 802 444 866 valeant
471 801 661 866 adtentum
686 801 931 882 emendandum,
966 799 1064 866 facile
1087 801 1325 884 cognoscimus,

149 909 320 990 plerasque
354 927 488 989 prorsus
518 908 652 973 inutiles
682 915 716 972 et
745 925 1005 988 supervacaneas
1036 918 1134 989 atque
1164 914 1203 972 ut
1233 925 1326 972 mera

147 1015 347 1097 glossemata
376 1015 550 1103 obicienda
572 1033 654 1097 esse,
690 1014 882 1094 praesertim
907 1033 979 1079 cum
1002 1023 1115 1079 textus
1137 1015 1327 1095 scripturae

146 1130 258 1187 rectae
295 1131 330 1186 et
367 1122 469 1185 multo
507 1122 738 1202 exquisitiores
780 1121 866 1185 haud
905 1121 1069 1186 minimam
1112 1120 1325 1186 offensionem

147 1231 337 1310 proebeant.
394 1229 583 1308 Perpaucae
621 1239 748 1293 tantum
781 1229 911 1293 illarum
947 1228 1120 1293 lectionum
1159 1229 1327 1309 corruptis

144 1334 323 1401 manifesto
346 1343 457 1400 textus
481 1336 653 1416 scripturis
677 1337 718 1399 ab
743 1335 922 1400 editoribus
949 1336 1020 1400 iure
1043 1335 1209 1416 praelatae
1232 1349 1267 1399 et
1290 1337 1328 1401 in

148 1449 274 1508 textum
298 1450 450 1522 receptae
472 1452 558 1506 sunt.

339 1677 388 1738 11.
412 1672 470 1738 De
495 1675 583 1740 aliis
607 1675 750 1740 codicis
774 1673 815 1738 L.
840 1675 1133 1740 correctoribus.

257 1815 418 1880 Proximis
448 1816 597 1896 saeculis
634 1817 652 1880 i.
681 1835 706 1881 e.
738 1816 813 1880 inde
846 1835 865 1880 a
892 1836 917 1880 s,
940 1817 1008 1880 XII
1041 1835 1142 1896 usque
1174 1817 1215 1880 ad
1242 1819 1330 1884 XVI

145 1921 250 1987 codex
267 1923 304 1987 L.
326 1923 463 1987 aliorum
488 1932 704 1988 correctorum
730 1941 844 1987 manus
867 1933 1022 2002 expertus
1046 1933 1106 2007 est,
1131 1943 1214 2005 quae
1238 1935 1330 1990 atra·

106 2098 110 2102 Α
148 2041 258 2094 mento
290 2036 322 2095 et
354 2031 537 2096 litterarum
569 2030 680 2095 formis
711 2029 809 2095 facile
841 2050 860 2094 a
888 2050 985 2095 manu
1020 2051 1066 2111 pr.
1095 2034 1145 2096 vel
1177 2051 1249 2115 sec,
1287 2052 1328 2098 eo

147 2134 318 2201 difficilius
347 2137 435 2202 inter
465 2156 501 2203 se
533 2137 637 2218 ipsae.
656 2138 796 2203 discerni
827 2150 972 2218 possunt.
1019 2140 1213 2204 Duebnerus
1237 2141 1328 2220 apud

149 2243 352 2308 Dindordum
391 2264 539 2324 „uranum
575 2245 774 2324 antiquam“,
813 2246 929 2326 „aliam
961 2264 1089 2309 manum
1123 2247 1325 2330 antiquam“,

150 2352 417 2432 „recentiorem“',
461 2352 757 2431 ,recentissimam
798 2353 952 2428 secrevit,
991 2371 1222 2432 saepenumero
1258 2373 1325 2419 mu·

148 2459 293 2523 tationes
328 2460 411 2523 nulli
448 2468 556 2523 certae
592 2459 701 2522 manui
737 2459 863 2539 tribuit,
904 2459 961 2524 sed
996 2478 1063 2523 rem
1098 2460 1132 2523 in
1167 2479 1321 2542 suspenso

148 2566 295 2646 reliquit.
344 2566 562 2645 Cumpbellius
595 2566 628 2628 in
660 2566 803 2629 editione
834 2584 893 2630 sue
924 2577 1055 2647 praeter
1087 2566 1167 2631 duas
1200 2569 1316 2648 priores

150 2690 265 2736 manus
296 2690 354 2736 sex
378 2672 460 2736 alias
485 2672 689 2753 distinguere
717 2683 853 2737 conatus
877 2682 937 2752 est,
974 2692 993 2735 a
1017 2673 1191 2737 Duebnero
1215 2677 1248 2738 in
1272 2672 1321 2738 de·

147 2777 301 2843 finiendis
325 2778 464 2858 singulis
487 2778 638 2842 manibus
667 2798 731 2843 uon
752 2799 826 2843 raro
851 2778 1091 2860 dissentiens.*)
1139 2779 1230 2861 Quae
1254 2798 1325 2844 cum

147 2885 199 2949 ita
229 2887 296 2949 sint
325 2893 357 2950 et
389 2886 508 2966 singuli
535 2896 734 2950 correctores
766 2905 828 2950 uon
858 2906 896 2951 ea
919 2906 984 2966 quo
1008 2906 1140 2952 necesse
1171 2894 1222 2951 est
1252 2888 1329 2950 snb·

149 2991 273 3057 tilitate
298 2991 440 3071 disiungi
465 2993 601 3074 possint,
632 2993 702 3057 fieri
727 3011 791 3056 non
820 3001 937 3075 potest,
968 2995 1046 3073 quin
1071 2995 1174 3058 omnis
1202 2995 1242 3058 de
1266 2994 1329 3058 hac

148 3117 186 3162 re
212 3099 440 3165 commentatio
465 3097 636 3162 admodum
661 3119 776 3164 manca
800 3097 914 3163 futura
939 3101 990 3164 sit.

258 3206 312 3270 Illi
351 3207 454 3288 igitur
490 3215 690 3271 correctores
729 3206 850 3271 multos
888 3208 1026 3272 leviores
1066 3209 1161 3288 primi
1200 3207 1331 3272 librarii

147 3330 288 3395 errores
325 3314 379 3393 qui
411 3315 445 3377 iu
478 3315 585 3378 altera
616 3333 742 3393 quoque
776 3314 960 3378 diorthotae
988 3316 1040 3380 vel
1074 3316 1169 3396 primi
1200 3315 1331 3380 librarii

150 3419 324 3485 collatione
339 3421 456 3484 intacti
473 3431 709 3502 remanserant,
735 3422 1002 3501 emendaverunt,
1024 3423 1172 3502 singulas
1188 3423 1329 3504 litteras,

149 3535 316 3605 accentus
350 3527 486 3606 spiritus
510 3528 717 3608 addiderunt,
753 3526 856 3593 falsas
887 3528 1014 3592 litteras
1040 3536 1211 3594 eraserunt
1240 3535 1273 3592 et
1296 3529 1329 3593 in

149 3633 252 3698 litura
275 3652 371 3698 veras
397 3633 566 3715 dederunt,
592 3654 690 3716 soepe
714 3636 811 3699 etiam
837 3636 947 3700 varias
972 3636 1126 3700 lectiones
1150 3655 1222 3700 cum
1245 3636 1331 3716 siglo

111 3738 116 3747 '
149 3761 199 3823 γρ.
222 3741 310 3804 inter
342 3757 457 3804 versus
484 3741 535 3804 vol
566 3743 600 3805 in
625 3743 772 3823 margine
803 3742 1057 3821 adscripserunt.
1106 3741 1168 3807 Sed
1200 3749 1332 3823 praeter

152 3865 363 3874 —-——-...--.

214 3918 240 3981 *l
260 3915 311 3968 Sed
330 3914 364 3970 oi.
384 3915 501 3968 eiusdem
528 3918 642 3983 praefat.
668 3918 704 3970 ad
723 3918 776 3973 vol.
795 3917 824 3970 H
842 3934 868 3984 p.
887 3917 940 3970 XI:
971 3918 1002 3985 „I
1020 3918 1089 3970 have
1109 3919 1172 3972 here
1190 3926 1219 3971 to
1238 3923 1333 3984 repeat

258 4004 325 4057 with
346 4005 494 4059 somewhat
513 4022 584 4059 more
604 4007 633 4059 01
650 4009 782 4073 emphasis
802 4009 869 4060 then
888 4008 916 4059 in
935 4006 981 4061 the
999 4006 1060 4060 first
1078 4008 1179 4060 edition
1198 4008 1229 4061 of
1244 4007 1296 4061 rol.
1306 4009 1329 4061 I.

259 4094 321 4147 thot
334 4095 380 4148 the
393 4095 468 4162 signs
481 4095 521 4161 02,
539 4094 578 4162 0⁴,
599 4096 631 4148 0⁸
651 4095 679 4165 [i.
693 4111 715 4148 e.
730 4103 863 4150 corrector
875 4097 900 4151 2.
913 4099 939 4149 4.
953 4095 989 4167 6.]
1010 4097 1098 4149 which
1111 4112 1157 4149 are
1170 4097 1330 4162 necessarily

259 4184 380 4238 retained
417 4184 486 4238 from
523 4202 567 4251 my
603 4184 664 4238 first
702 4186 829 4239 collatiou
864 4185 894 4240 01
922 4186 961 4252 L.‚
999 4186 1068 4239 hove
1106 4185 1247 4252 merely
1285 4202 1329 4239 en

260 4275 535 4342 approximate
563 4275 685 4329 rulue.
