2964 4890
638 330 860 388 ..11-

152 524 281 604 ouibus
298 523 411 589 Aiacis
430 541 459 589 v.
477 510 608 586 14154
624 520 737 600 scripti
755 526 841 604 sunt,
868 539 930 584 non
948 521 1051 586 solum
1068 521 1101 585 in
1120 521 1336 587 exterioribus

158 630 368 710 marginibus
398 629 569 694 decurtata
599 645 682 710 esse,
718 627 766 692 ita
797 632 834 692 ut
858 627 981 694 scholia
1011 628 1167 691 nonnulla
1198 627 1336 692 adillos

91 753 94 764 ·
162 754 279 802 uersus
319 735 483 815 adscripta
522 733 695 817 perierint,
734 735 790 799 sed
830 735 927 799 etiam
967 735 1145 815 permultas
1184 741 1336 800 versuum

152 852 198 908 et
220 835 393 923 praecipue
416 841 608 906 scholiorum
632 841 762 907 litteras
787 841 993 906 oblitteratas
1017 843 1190 920 praebere..
1214 900 1217 904 ,
1305 899 1332 906 ,.

844 976 846 980 Ι
919 942 933 971 0

332 1110 366 1174 5.
392 1104 541 1172 Textus
565 1106 708 1172 codicis
732 1105 773 1170 L.
798 1083 855 1171 De
880 1125 1002 1172 manu
1026 1080 1175 1196 primas

268 1253 308 1317 In
332 1243 473 1334 singulis
497 1249 583 1314 foliis
600 1250 719 1315 codicis
734 1250 841 1315 lineae
856 1251 1000 1324 tricenae
1016 1257 1186 1330 octonae-a
1203 1249 1335 1315 librario

150 1362 192 1426 vin
217 1361 355 1427 adverso
379 1361 638 1424 membranarum
663 1359 765 1422 latere
788 1357 1006 1422 instrumento
1019 1365 1197 1438 praeacuto
1215 1359 1263 1424 ita
1279 1359 1336 1422 im-

161 1487 293 1549 pressae
317 1474 403 1549 suut,
429 1472 468 1530 nt
489 1466 522 1529 in
547 1483 661 1530 averso
687 1482 813 1545 quoque
835 1464 940 1528 latere
964 1449 1180 1530 animadverti
1204 1471 1336 1544 possent

153 1580 196 1640 et
211 1576 399 1654 inutraque
414 1574 535 1655 pagina
550 1573 684 1653 regulae
700 1579 820 1655 essent,
839 1572 879 1636 ad
893 1591 989 1651 quarn
1003 1573 1112 1652 tentus
1129 1574 1336 1638 scriberetur.

162 1683 302 1747 'Pontum
334 1682 438 1762 ipsum
468 1680 658 1750 minusculis
688 1680 811 1744 litteris
842 1679 895 1743 hic
925 1680 993 1744 illic
1024 1680 1207 1744 uncialibus
1237 1681 1337 1744 inter-

162 1789 276 1853 mixtis
309 1788 484 1870 diligenter
507 1805 527 1851 a
550 1787 715 1850 manain
749 1786 842 1850 libris
875 1786 1051 1864 exarandis
1083 1786 1257 1866 manifesto
1284 1806 1337 1852 ex·

153 1895 394 1960 -ercitatissima
424 1895 456 1958 in
481 1893 597 1959 mediis
628 1893 758 1974 paginis
790 1893 947 1972 scriptum
979 1893 1152 1958 videmus·
1182 1893 1334 1976 Magnum

159 2002 303 2082 spatium
320 2002 352 2065 in
370 2000 542 2080 exteriore,
567 2000 673 2065 miuus
689 2000 723 2063 in
740 2000 895 2065 interiore
913 2001 1067 2082 margine,
1093 2008 1168 2065 erite
1184 2019 1338 2082 uersuum

162 2109 260 2173 initia
283 2114 316 2173 et
340 2113 414 2188 post
437 2125 546 2171 eornm
572 2106 690 2188 exitus,
720 2107 850 2171 scholiis
876 2107 1072 2171 destinatum
1098 2107 1338 2189 ctduplicibns

162 2216 259 2280 lineis
282 2234 302 2278 a
326 2213 492 2293 superiore
515 2213 662 2305 margine
692 2214 726 2277 in
750 2213 937 2278 inferiorem
963 2214 1175 2294 vergentibus
1199 2233 1218 2276 a
1242 2223 1336 2279 textu

155 2326 353 2400 separatum
379 2327 439 2385 est.
485 2321 634 2400 Amplurn
660 2338 787 2400 quoque
818 2320 957 2399 spatium
993 2321 1026 2382 in
1051 2321 1218 2401 superiore
1243 2327 1277 2384 et
1303 2322 1337 2384 in

163 2426 321 2492 inferiore
346 2427 492 2508 margine
516 2426 555 2493 ad
579 2427 703 2490 scholia
728 2426 899 2490 scribenda
932 2445 1072 2491 vacuum
1101 2426 1249 2508 relictum
1276 2434 1335 2507 cst,

162 2534 272 2614 priore
303 2533 374 2599 loco
407 2533 532 2599 duabus
563 2533 668 2615 lineiS,
706 2534 808 2597 altero
840 2534 910 2598 loco
935 2533 1042 2598 tribus
1074 2533 1171 2598 lineis
1202 2553 1272 2598 earn
1297 2537 1338 2613 ob

152 2632 293 2705 causam
329 2640 444 2705 ductis.
499 2622 735 2721 Saepenumero
771 2647 879 2705 autem
922 2641 1058 2705 librario
1090 2641 1213 2705 lineae·
1230 2641 1336 2706 textui

153 2747 354 2828 designatae
376 2765 441 2813 non
465 2747 672 2813 sufficiebant
696 2755 730 2812 et
754 2749 1034 2827 quotienscunque
1066 2748 1193 2831 scholia,
1212 2749 1338 2815 minora

163 2860 292 2917 tantum
316 2854 356 2918 ad
380 2860 495 2934 poetae
519 2873 632 2920 versus
664 2854 828 2935 adscripta
860 2854 1104 2934 animadvertit,
1140 2856 1336 2920 membranis

153 2977 320 3040 parsurus
355 2961 496 3042 spatium
531 2961 708 3041 superioris
744 2968 777 3024 et
811 2960 977 3025 inferioris
1012 2962 1170 3042 marginis
1205 2963 1336 3053 scholiis

160 3065 323 3131 addendis
345 3069 559 3132 constitutum
595 3075 710 3147 poetae
733 3068 842 3132 verbis
867 3067 1049 3147 complevit.
1096 3061 1191 3134 Unde
1214 3065 1336 3134 lactum

158 3180 221 3255 est,
256 3178 294 3238 ut
317 3191 470 3239 versuum
500 3192 652 3239 numerus
676 3175 709 3237 in
734 3174 873 3256 singulis
907 3175 1037 3256 paginis
1069 3175 1205 3261 fluctuet
1237 3184 1270 3240 et
1301 3178 1334 3240 in

94 3313 96 3318 ·
161 3281 346 3347 fabularum
378 3288 505 3362 tantum
533 3283 636 3349 initiis
660 3290 693 3346 et
716 3284 749 3346 in
775 3284 864 3349 chori
889 3283 1096 3364 carminibus
1133 3284 1336 3351 ubischolia

151 3389 385 3472 abundabant,
424 3390 580 3454 librarius
619 3390 706 3454 intra
746 3396 856 3456 textus
892 3390 972 3455 fines
1007 3397 1221 3471 permaneret,
1262 3392 1336 3457 aliis

162 3503 270 3561 autem
302 3496 382 3560 locis
414 3497 536 3561 scholia
573 3496 671 3560 exilia
702 3497 931 3562 exhibentibus
967 3499 1162 3564 scholiorum
1193 3498 1334 3577 spatium

164 3611 416 3691 praeoccuparet
440 3611 472 3668 et
496 3621 664 3667 numerum
688 3604 826 3685 triginta
850 3613 921 3668 octo
953 3623 1106 3669 versuum
1136 3606 1231 3670 initio
1262 3624 1335 3670 con·

153 3700 313 3775 :stitutum
348 3727 447 3790 saepe
479 3710 576 3774 otiam
612 3710 720 3776 decem
754 3711 902 3776 versibus
935 3711 1161 3794 excederetst)
1178 3783 1180 3787 .
1199 3711 1270 3792 Qua
1294 3731 1336 3776 ex

153 3813 282 3881 codicis
312 3816 422 3880 indole
455 3816 488 3880 id
525 3816 655 3896 quidem
690 3823 784 3882 extra
818 3834 943 3903 ornnem
980 3809 1195 3882 dubitationis
1231 3818 1334 3883 aleam

148 3908 304 4004 *positum
340 3923 470 3987 uidetur
505 3941 591 4005 esse,
628 3925 712 4004 quod
748 3923 901 4005 permulti
936 3924 998 3987 viri
1036 3924 1134 3988 docti*
1157 3942 1259 4004 usque
1293 3924 1334 3988 ad

163 4187 166 4191 .
193 4157 195 4161 ·
223 4133 304 4202 *hcl
323 4134 485 4201 Thompson,
504 4135 662 4202 Facsim..p.
683 4137 712 4187 7:
733 4135 782 4201 „In
801 4151 850 4188 one
869 4152 939 4203 page
958 4093 1019 4203 only
1039 4135 1094 4204 [fol.
1117 4136 1283 4205 lObaldoes
1301 4136 1335 4190 he

147 4222 166 4274 ’.
192 4240 195 4245 ’
268 4223 318 4277 fail
336 4229 364 4276 to
384 4239 432 4277 use
451 4224 498 4277 the
515 4223 567 4277 full
590 4225 703 4278 number
728 4223 758 4276 of
780 4225 937 4278 close-ruled
956 4225 1241 4293 lines31andinone
1265 4241 1335 4293 page

269 4313 331 4379 only
352 4311 408 4382 [fol.
428 4313 514 4382 toab]
534 4313 596 4367 does
615 4315 648 4368 he
667 4314 745 4368 write
765 4315 810 4368 the
830 4320 907 4368 exact
925 4316 1060 4368 number.“
1121 4355 1124 4360 .
1175 4320 1188 4352 ·'
