2964 4890
631 333 854 392 -39-

149 525 294 591 Parisini
318 525 484 607 librarius,
508 543 580 590 cum
605 525 707 590 verbe
729 532 846 605 poetae
861 543 977 606 parum
993 524 1214 606 intellegeret,
1238 523 1333 588 illum

151 650 281 697 versum
306 631 452 712 spurium
476 632 658 696 arbitratus
682 632 882 712 neglegeret.
920 631 985 697 Sed
1008 649 1137 696 versum
1153 630 1331 711 genuinum

151 746 186 805 et
209 748 320 820 aptum
345 757 416 804 esse
439 739 591 820 exposuit
607 739 650 804 ll.
666 737 808 820 Seyffert
830 757 960 804 sensum
985 739 1032 803 sic
1055 745 1145 803 recte
1168 736 1331 804 referens:

153 845 376 929 ,Quamquam
412 845 586 911 defunctae
622 847 763 927 amplum
799 852 850 911 est
881 846 980 911 etiam
1016 845 1209 927 praedicari,
1243 844 1331 925 quod

150 954 285 1019 eandem
316 971 355 1017 ec
379 953 411 1017 di
436 962 556 1018 sortem
586 960 685 1018 nacta
708 953 753 1018 sit
777 960 811 1018 et
834 953 912 1019 viva
940 959 974 1017 et
997 951 1154 1017 mortua.“
1203 952 1336 1018 Deinde

149 1079 215 1125 non
239 1060 472 1124 obliviscamur
494 1067 634 1144 oportet,
658 1061 689 1125 h.
708 1061 729 1125 l.
752 1078 813 1125 sex
837 1059 986 1125 versibus
1009 1059 1174 1142 strophae,
1199 1059 1330 1124 efflemsi

150 1169 241 1232 illum
264 1185 395 1232 versum
423 1168 612 1249 retinemus,
646 1167 789 1247 quinque
813 1172 940 1232 tautum
963 1185 1080 1232 versus
1104 1166 1330 1248 antistrophae

150 1274 357 1355 respondere,
392 1274 441 1338 ita
475 1282 512 1339 ut
540 1293 624 1338 unus
655 1292 771 1340 versus
806 1274 921 1339 deesse
955 1274 1108 1338 videatur
1141 1279 1175 1338 et
1209 1292 1238 1338 v.
1263 1279 1329 1339 838

149 1381 268 1446 omisso
285 1382 384 1446 etiam
401 1383 555 1446 maiorem
572 1383 722 1446 lacunam
745 1381 838 1445 hiare
862 1390 1030 1462 appareat.
1069 1380 1209 1446 Versum
1226 1381 1334 1462 igitur·
1390 1375 1393 1381 ’

149 1489 219 1554 fere
242 1505 353 1552 omnes
377 1488 518 1553 editores
542 1488 695 1554 retinent.

256 1614 443 1678 Permultes
468 1613 752 1678 deindeParisiui
780 1614 938 1679 lectiones
961 1613 1094 1693 Lipsius
1118 1631 1158 1678 ex
1181 1612 1336 1677 omuibus

149 1721 321 1802 fabulis*)‚
346 1722 384 1784 A.
402 1719 542 1801 Seyffert
566 1738 605 1785 ex
621 1719 855 1803 Antigona**).
880 1719 919 1785 R.
936 1720 1114 1785 Schneider
1137 1737 1177 1784 ex
1196 1719 1330 1784 Electra

148 1826 340 1909 fabula***)
376 1826 527 1906 alieruut,
563 1827 690 1910 quibus,
719 1863 759 1874 -
784 1828 868 1908 quod
900 1827 1016 1909 negari
1048 1845 1112 1892 uon
1144 1834 1262 1907 potest,
1285 1861 1331 1872 -

150 1940 303 2014 corrupta
333 1934 370 1999 L.
400 1934 564 2014 scriptura
599 1935 801 1999 emendatur.
849 1935 910 2000 Sed
945 1934 1120 2000 concedere
1148 1934 1354 2015 nequimus'

150 2042 234 2121 quod
260 2040 364 2106 eidem
388 2042 453 2106 viri
477 2042 564 2106 docti
588 2041 654 2112 illis
679 2042 758 2106 locis
791 2044 930 2122 probare
954 2041 1097 2123 student,
1134 2040 1275 2106 codicem
1300 2043 1330 2105 A

152 2167 222 2214 cum
240 2149 352 2227 paucis
369 2149 503 2214 asseclis
519 2167 560 2213 ex
576 2149 641 2213 alio
657 2148 749 2215 fonte
774 2156 873 2229 atque
896 2169 936 2214 ex
952 2150 990 2213 L.
1007 2149 1164 2230 originem
1188 2148 1329 2213 duxisse.

155 2255 206 2319 Ad
228 2275 323 2336 quam
347 2257 543 2321 sententiam
568 2255 776 2322 refutandam
811 2257 886 2321 illas
910 2256 1068 2321 lectiones
1092 2256 1237 2321 breviter
1259 2273 1332 2335 per·

156 2361 292 2428 lustrare
316 2381 397 2444 opus
423 2364 495 2429 erit.

258 2488 305 2552 Ac
340 2489 480 2569 primum
512 2488 641 2568 quidem
678 2490 719 2554 ad
751 2489 994 2554 diiudicandam
1031 2494 1175 2554 nostram
1205 2493 1337 2551 contro·

151 2594 291 2659 versiam
316 2596 363 2659 illi
389 2596 450 2660 loci
474 2597 557 2660 nihil
580 2597 705 2679 valent,
735 2597 791 2662 ubi
815 2597 851 2661 L.
877 2597 1042 2676 scriptura
1065 2603 1203 2661 metrum
1227 2594 1333 2658 violat

149 2708 183 2765 et
221 2702 365 2767 Parisiui
403 2703 599 2769 lectionibus
638 2705 840 2770 emendatur.
901 2705 983 2769 Nam
1024 2721 1218 2784 quamquam
1258 2719 1337 2766 con*

148 2807 328 2873 cedendum
364 2816 424 2891 est,
461 2820 564 2875 artem
602 2811 802 2876 canticorum
836 2812 1036 2893 strophicam
1065 2808 1332 2893 agrammaticis

149 2915 282 2980 minime
317 2916 421 2981 fuisse
457 2925 670 3000 perspectam,
707 2918 739 2982 id
774 2917 900 3000 quidem
938 2937 1049 2998 perum
1082 2916 1239 2983 credibile
1268 2924 1331 2997 est,

148 3020 291 3087 trimetri
316 3042 444 3102 quoqne
468 3023 673 3088 usitatissimi
697 3025 751 3088 vel
767 3024 949 3089 tetrametri
967 3025 1126 3089 trochaici
1142 3024 1330 3105 rhythmum

148 3144 189 3191 ex
225 3147 323 3194 seusu
360 3131 646 3210 grammaticorum
679 3132 863 3196 evanuisse.
911 3132 1112 3196 Demetrium
1138 3131 1333 3195 Tricliuium

149 3233 280 3313 quidem
308 3255 390 3301 saec.
415 3237 514 3301 etiem
538 3237 621 3302 XIV
644 3245 783 3302 metrum
809 3238 976 3305 curavisse
1000 3238 1117 3302 docent
1140 3237 1265 3301 scholia
1289 3234 1334 3300 ad

149 3341 201 3405 Ai.
226 3340 349 3429 715.†)
385 3353 422 3408 ut
454 3344 519 3408 iam
545 3345 585 3410 H.
610 3344 688 3409 Otte
713 3353 802 3411 recte
826 3342 1062 3431 exposuit††).
1108 3345 1197 3409 Vere
1220 3348 1330 3408 autem

147 3447 244 3512 lectio
276 3446 375 3515 facile
399 3469 439 3514 ex
462 3450 490 3514 L
514 3451 679 3532 scripture
712 3452 786 3517 elici
816 3461 876 3518 aut
906 3471 946 3517 ex
969 3452 1142 3518 verborum
1176 3455 1331 3515 contextu

147 3554 219 3619 sine
249 3556 315 3620 ullo
339 3558 471 3639 negotio
502 3557 644 3624 inveniri
675 3560 793 3640 potuit.
838 3560 1015 3624 Praeterea
1050 3558 1215 3639 plerisque
1249 3556 1336 3621 locis·

146 3678 213 3726 nou
245 3663 371 3728 solus
395 3666 425 3728 A
455 3683 570 3731 verum
602 3666 745 3749 exhibet,
783 3673 819 3731 ut
847 3666 1007 3747 imprimis
1030 3668 1069 3731 A.
1094 3663 1234 3746 Seyffert
1258 3680 1332 3727 con-

211 3872 236 3927 *ὃ
255 3872 289 3927 de
309 3873 389 3940 Soph.
409 3890 458 3929 cru.
477 3891 564 3942 prees.
584 3892 609 3944 p.
630 3878 709 3930 7-8.

194 3960 235 4027 ”J
254 3963 272 4016 l.
292 3979 314 4017 c.
333 3979 360 4030 p.
382 3966 464 4031 llsq.

178 4050 271 4121 ***)1.
292 4068 314 4107 c.
333 4069 359 4120 p.
379 4054 432 4107 442
442 4069 481 4120 sq.

202 4142 234 4208 †)
254 4141 342 4196 Schol
360 4143 389 4195 in
408 4143 487 4210 Soph.
508 4144 549 4197 ed.
568 4144 692 4197 Diudori.
714 4144 742 4197 H
762 4145 822 4199 347.
868 4184 870 4188 μ

180 4229 233 4299 ††)
253 4230 407 4286 Jahrcsber.
421 4231 446 4285 d.
459 4232 557 4286 Philol.
568 4232 682 4287 Vereins
701 4249 735 4287 zu
748 4234 839 4287 Berlin
856 4234 929 4302 XVI,
952 4235 1029 4302 1890,
1048 4250 1074 4301 p.
1094 4236 1195 4300 392sq.
1216 4230 1331 4302 [Ztachr.

253 4319 273 4374 f.
292 4321 318 4375 d.
339 4321 552 4389 Gymn.·Weaen
572 4323 663 4392 meu]
