2978 4890
631 266 853 328 —34-

156 457 329 522 nonnullos
346 457 512 538 Sophoclis
528 459 654 524 codices
671 477 712 524 ex
730 459 758 523 L
774 457 845 525 sive
861 458 932 524 eius
953 458 1150 540 apographis
1167 457 1343 524 derivatos

157 581 228 628 esse
251 563 338 629 iuter
361 583 471 630 omues
495 572 625 630 1113111
648 579 681 630 11
704 564 793 631 infra
817 565 1015 632 ostendetur.

263 688 382 755 Omnes
415 699 522 754 autem
548 690 716 770 Sophoclis
749 689 874 755 codices
907 696 966 754 aut
989 707 1029 754 cx
1052 688 1080 752 L
1104 689 1174 768 ipso
1201 694 1267 753 ‘aut
1289 707 1338 754 ex

156 796 353 877 apographis
377 797 447 862 eius
471 797 566 862 hodic
590 796 768 877 deperditis
791 796 985 876 repetendos
1006 813 1078 860 esse
1095 802 1132 860 ut
1148 796 1331 877 credamus,

155 903 280 984 suadet,
316 910 354 967 ut
384 904 448 968 iam
476 903 610 983 Lipsius
641 904 738 969 lateri
771 909 902 969 coactus
933 911 994 985 181,
1030 903 1146 983 ingens
1175 902 1332 967 vitiorum

155 1010 488 1097 gravissimarumque
519 1012 775 1090 corruptelarum
806 1028 969 1092 uumerus,
1008 1027 1090 1090 quae
1121 1009 1156 1073 iu
1180 1008 1341 1074 omnibus.

155 1115 250 1181 libris
273 1117 394 1182 uostris
419 1118 543 1196 pariter
558 1117 772 1182 inveniuntur
788 1126 822 1183 et
837 1118 983 1182 nonnulli
1002 1135 1115 1182 versus
1130 1117 1164 1181 iu
1181 1116 1342 1180 omnibus

154 1224 340 1305 importune
363 1223 529 1302 adiecti*).
576 1224 669 1307 Quod
695 1244 824 1306 semper
847 1243 1032 1289 conoessum
1058 1242 1223 1303 uunquam
1247 1223 1341 1287 satis.

154 1331 323 1412 perspicue
347 1339 424 1397 aute
449 1332 557 1395 oculos
581 1332 781 1411 propesitum
805 1340 865 1415 181,
895 1333 1101 1412 quamobrem
1126 1350 1189 1395 nou
1213 1331 1340 1394 inutile-

155 1439 229 1520 erit‚
253 1439 426 1503 nonnullos
449 1439 673 1503 memorabiles
697 1439 854 1504 eiusmodi
876 1440 963 1504 locos
987 1439 1039 1505 hic
1063 1456 1263 1519 enumerare,
1293 1445 1330 1502 ut

153 1545 285 1610 taudem
332 1545 506 1625 aliquando
527 1583 530 1588 -
554 1555 782 1628 cognoscatur,
830 1532 926 1626 quam
974 1554 1046 1612 arta
1085 1544 1337 1610 necessitudine

154 1670 265 1716 omues
304 1652 359 1732 qui
399 1653 613 1718 innotuerunt
658 1653 784 1718 codices
823 1654 1018 1719 cohaereant
1056 1660 1089 1719 et
1128 1661 1339 1733 quantopere-

154 1758 272 1823 codicis
296 1758 324 1823 L
348 1759 491 1840 vestigia
515 1768 703 1840 sequautur.

261 1867 373 1946 Magni
419 1867 573 1932 momenti
619 1875 668 1931 est
708 1885 824 1932 versus
863 1868 941 1933 Ant.
982 1872 1065 1932 1167
1105 1869 1139 1932 in
1179 1870 1339 1933 omnibus.

154 1973 319 2038 codicibus
347 1973 485 2038 omissus
509 1982 543 2038 et
567 1993 586 2037 a
609 1975 760 2039 Turnebo
792 1974 919 2038 demum
949 1992 990 2038 ex
1013 1974 1241 2055 Athenaeo**)
1275 1976 1329 2040 vel

154 2079 410 2160 Eustathio***)
441 2081 475 2145 in
510 2081 586 2161 edit.
619 2099 679 2145 sua
711 2100 738 2145 1.
766 2085 850 2145 1553
882 2081 1017 2162 primum
1048 2081 1237 2146 restitutus:
1274 2081 1331 2167 ζῆν

151 2189 281 2264 τοῦτον,
317 2182 385 2251 atu
409 2183 563 2272 ἔμψυχον
585 2181 727 2269 ἡγοῦμαι
750 2184 878 2271 νεκρόν.
926 2189 1068 2254 Genuini
1096 2209 1210 2255 versus
1235 2192 1330 2255 118113

152 2305 203 2361 181
227 2295 412 2376 scholiasta,
450 2295 505 2374 qui
534 2295 628 2360 dicit:
666 2286 858 2381 11111111,
883 2299 991 2379 φησίν,
1027 2293 1331 2369 §bracchiorum
1386 2348 1388 2352 .

150 2407 314 2466 τοιοῦτον·
340 2390 420 2478 οἷον,
446 2396 486 2463 οὗ
510 2402 628 2482 νομίζω
654 2401 709 2475 ζῆν
732 2398 862 2464 ἐκεῖνον
884 2399 945 2464 τὸν
968 2399 1082 2484 ἄνδρα,
1114 2397 1153 2462 ὃν
1177 2391 1219 2462 ἂν
1242 2425 1327 2482 προ-

152 2507 306 2574 1111ναὶ
330 2502 452 2592 ἡδοναί.
490 2508 687 2573 Eustathius
711 2508 791 2571 haec
816 2509 917 2571 verba
942 2506 1080 2570 afferens
1104 2507 1240 2568 adnotat
1264 2501 1328 2577 „ud

151 2609 270 2700 ἀκριβῆ
292 2609 498 2696 ἀντίγραφα“
530 2614 588 2677 1111
616 2615 782 2693 praehere.
828 2613 925 2676 illum
960 2629 1088 2677 versum
1119 2610 1324 2688 Eustathius,

151 2725 206 2805 qui
230 2729 369 2787 exeunte
392 2738 475 2784 3111.
498 2719 567 2784 XII
592 2718 712 2801 floruit,
747 2718 768 2782 i.
793 2736 820 2783 e.
850 2736 913 2782 uno
945 2719 997 2784 vel
1029 2719 1155 2783 duobus
1187 2717 1333 2781 saeculis

151 2836 321 2912 postquam
345 2826 374 2890 L
398 2825 539 2905 scriptus
563 2831 623 2906 est,
654 2826 769 2891 autin
793 2825 868 2891 aliis
892 2826 1059 2907 Sophoclis
1084 2824 1338 2905 exemplaribus>

151 2934 289 3002 diversis
314 2952 333 2997 a
355 2932 487 3012 nustria,
523 2951 609 2998 nunc
640 2933 819 3014 deperditis
852 2933 942 3016 legit,
978 2940 1036 2998 aut
1065 2933 1148 3014 quod
1172 2932 1326 2996 maiorem

149 3041 413 3125 probabilitatem
436 3041 546 3117 habet,
579 3047 617 3106 ut
639 3041 828 3106 Dindorfius
851 3038 1063 3128 probavit†)‚
1100 3060 1140 3106 ex
1165 3039 1326 3104 Athenaei

150 3148 316 3215 codicibus
357 3148 469 3212 hausit
503 3155 537 3213 et
577 3149 629 3213 vel
667 3167 776 3214 errore
811 3149 985 3214 memoriae
1017 3148 1069 3212 vel
1104 3145 1339 3212 adnotationis.

149 3257 276 3323 incuria
312 3256 419 3320 minus
454 3254 630 3336 diligenter
664 3256 788 3322 retulit.
845 3255 908 3322 Sed
944 3261 1020 3320 utut
1054 3255 1087 3318 id
1123 3261 1189 3335 181,
1229 3252 1328 3317 etiam

149 3359 361 3449 Jebbius††)
395 3372 429 3428 et
459 3362 592 3444 Lipsius
623 3361 731 3428 facere
760 3382 824 3427 nou
848 3369 994 3445 possunt,
1031 3361 1109 3442 quin
1137 3359 1329 3441 concedant,

149 3472 231 3537 illud
256 3488 357 3553 grave
380 3476 609 3551 argumentum
634 3488 705 3535 esse
729 3470 770 3534 ad
794 3471 823 3534 L
847 3487 1047 3534 communem
1071 3468 1210 3532 omnium
1238 3466 1339 3534 codd

149 3586 335 3646 nostrorum
358 3575 482 3642 fontem
507 3576 804 3643 demonstrandum.

212 3791 238 3856 *l
258 3791 435 3845 11111554.
455 3791 516 3846 571.

196 3882 237 3951 **)
257 3885 281 3949 7,
301 3897 326 3948 p.
347 3879 422 3934 280b
442 3885 470 3934 et
488 3881 522 3935 12
541 3897 567 3948 p.
587 3881 667 3934 5471.

182 3971 236 4040 ***)
255 3987 281 4038 p.
300 3970 412 4038 957,17.

207 4061 238 4129 †)
258 4058 323 4113 edit.
341 4060 385 4114 HI
404 4058 488 4113 Oxou.
509 4058 542 4112 ad
560 4058 587 4113 h.
605 4059 655 4114 loo.

184 4150 237 4219 ††)
257 4148 292 4203 ad
310 4149 337 4204 h.
356 4163 426 4204 vers.
454 4148 517 4216 „All
535 4164 584 4202 our
601 4164 665 4203 mss.
685 4149 763 4203 share
787 4148 824 4203 its
849 4147 945 4202 defeat.
983 4147 1049 4202 This
1072 4147 1149 4215 point
1176 4148 1272 4202 should
1297 4149 1336 4204 be

257 4239 365 4294 noticed
384 4254 414 4292 as
433 4236 579 4306 favouring
598 4239 645 4293 the
663 4238 733 4292 view
751 4237 814 4292 that
833 4237 870 4291 all
888 4252 938 4291 our
956 4253 1019 4292 mss.
1039 4252 1112 4291 come
1130 4236 1198 4290 from
1218 4237 1266 4293 L.“
