2964 4890
628 305 850 366 ..40-

146 496 268 580 tendit,
293 496 349 562 sed
373 497 470 562 etiam
495 496 677 577 complures
701 495 758 560 alii
782 496 882 580 codd,
907 498 963 578 qui
981 504 1069 562 certe
1085 516 1124 562 ex
1140 496 1169 563 L
1186 494 1333 562 derivati

150 623 255 685 neque
279 604 347 669 ulla
370 603 565 686 cognatione
588 622 660 668 cum
684 605 715 668 A
739 603 904 669 coniuncti
928 612 1015 687 suut,
1052 604 1101 669 ita
1124 610 1161 669 nt
1184 622 1249 668 nou
1274 604 1333 669 ab·

148 711 283 776 horreat
315 731 334 774 a
364 710 607 792 probabilitate,
643 709 800 775 medelam
836 711 1059 793 grammaticis
1095 711 1147 775 vel
1182 709 1331 774 librariis

146 818 270 884 deberi.
331 817 513 884 Dolendnm
553 824 662 882 autom
701 827 761 899 est,
809 818 894 899 quod
933 818 967 882 iu
1006 819 1176 900 Antigona
1214 815 1331 881 fabula

115 911 118 917 ’
149 932 305 991 accurata
328 925 502 989 collatione
525 924 721 1004 reliquorum
748 925 921 1005 praeterL
944 937 978 990 ot
994 928 1023 991 A
1040 924 1130 989 codd.
1147 941 1329 1005 careamus,

145 1034 358 1114 quamobrem
394 1031 635 1112 argumentatio
672 1039 783 1096 nostra
819 1050 882 1096 nou
914 1050 1041 1113 semper
1076 1041 1142 1096 tam
1174 1036 1331 1097 accurata

145 1158 248 1221 quam
283 1139 434 1204 volumus
466 1139 537 1203 erit.
587 1139 661 1203 Huc
697 1138 730 1204 hi
767 1138 827 1202 loci
858 1139 1115 1220 Antigonae
1151 1137 1329 1218 portinent,

153 1247 187 1331 1)
211 1247 253 1312 ad
277 1252 416 1310 metrum
440 1252 639 1324 spectantes:
664 1264 693 1309 v.
719 1251 782 1310 198
807 1239 934 1308 εἰσιδὼν
957 1246 995 1328 L,
1024 1239 1158 1327 „dooddo
1181 1252 1271 1309 recte
1295 1244 1330 1308 in

86 1350 90 1357 ’
146 1351 366 1435 apographis“
385 1349 493 1433 Ddf.*)
512 1347 516 1436 4
538 1356 610 1416 169.
622 1345 748 1421 πόλεως
760 1352 798 1434 L,
816 1346 977 1422 πόλεοςΑ
995 1349 999 1436 4
1020 1357 1092 1416 3111.
1108 1347 1154 1421 εἰς
1170 1351 1208 1433 L,
1226 1346 1258 1420 ἐς
1275 1353 1304 1414 Α
1323 1346 1329 1434 4

152 1465 225 1524 1140.
245 1455 370 1522 ὄπιθεν
386 1459 424 1540 L,
451 1453 641 1524 ὄπισθενΑ
666 1456 670 1543 4
698 1465 771 1524 684.
788 1451 856 1522 ὅσσ’
872 1460 910 1542 L,
935 1451 984 1521 ὅσ’
1000 1461 1031 1524 Α
1056 1457 1139 1544 4885.
1162 1453 1272 1531 ἄξεσθ’
1289 1458 1328 1540 L,

144 1562 268 1640 άξετἈ
286 1562 290 1651 4
306 1572 378 1630 990.
389 1561 544 1629 θανάτων
555 1602 597 1610 -
609 1562 818 1648 κατασφαγάς
830 1567 868 1648 L,
881 1560 1106 1629 θανόντων-
1118 1563 1331 1646 κατασκαφάς

154 1684 261 1758 „recte
285 1675 475 1754 apographa
499 1674 626 1738 omnia“
652 1674 727 1739 Ddl.
754 1671 758 1759 4
785 1681 858 1740 931.
882 1682 949 1745 τοῖς
970 1674 1007 1757 L,
1036 1686 1143 1754 ,recte
1167 1675 1200 1737 in
1223 1680 1330 1736 τοῖσιν

150 1790 311 1846 mutatum
329 1779 362 1844 in
379 1781 597 1861 apographis“
624 1780 698 1845 Ddf.
724 1780 728 1867 4
755 1785 828 1846 998.
845 1785 901 1864 της
916 1777 995 1865 ἐμῆς
1011 1788 1130 1867 σημεῖα
1146 1781 1183 1863 L,
1208 1787 1330 1865 σημεῖα

126 1891 206 1972 της
230 1883 309 1970 ἐμῆς
341 1887 471 1966 „verbis
494 1896 582 1951 recte
606 1889 772 1953 collocatis
794 1889 829 1953 in
854 1888 1070 1970 apographis“
1098 1886 1174 1952 Ddf.
1200 1885 1204 1964 4
1233 1894 1333 1953 1025.

48 1977 51 1982 ’
146 1989 210 2056 ,οὐκ
225 1990 287 2057 ἔστ’
304 1995 342 2075 L,
369 1986 493 2075 „odadu’
511 1989 572 2056 ἔστ’
589 2002 679 2059 recte
703 1995 737 2059 in
755 1996 973 2077 apographis“
1000 1993 1075 2059 Ddf.
1102 1991 1106 2080 4
1136 2000 1228 2058 1092.
1253 1989 1331 2057 ἐντι-

145 2097 305 2180 ·στάμεθα
329 2101 366 2183 L,
391 2095 624 2179 ἐπιστάμεσθα
649 2105 677 2166 Α
704 2098 708 2185 4
736 2108 830 2166 1228.
854 2109 954 2165 ποῖον
977 2103 1015 2185 L,
1041 2089 1112 2164 οἷον
1136 2104 1166 2167 Α
1191 2098 1196 2185 4

259 2205 293 2290 2)
317 2208 372 2273 ubi
390 2226 500 2272 veram
516 2208 688 2274 lectionem
706 2228 769 2274 non
786 2209 917 2274 difficile
933 2217 1004 2275 erat
1021 2209 1184 2274 invenire:
1206 2229 1235 2274 v.
1256 2216 1330 2276 193.

145 2313 247 2378 τῶνδ’
271 2315 307 2398 Ιι,
336 2318 400 2377 τῶν
424 2320 454 2379 A
479 2312 484 2399 4
510 2320 584 2379 302.
610 2308 731 2399 ἤνυσαν
754 2317 792 2398 L,
826 2312 948 2400 ἤνυσαν
970 2318 1001 2381 Α
1027 2313 1030 2402 4
1056 2322 1130 2381 413.
1154 2323 1265 2378 κεῖνον
1289 2318 1330 2398 L,

153 2425 272 2503 ,,κινῶν
295 2423 329 2486 in
353 2423 572 2502 apographis“
598 2422 685 2506 Dos,
722 2425 807 2505 quod
840 2444 859 2488 a
887 2423 1050 2506 plerisque
1082 2423 1264 2489 editoribus
1294 2425 1330 2490 iu

149 2537 276 2594 textum
311 2539 476 2609 receptum
511 2539 570 2594 est.
621 2535 737 2593 νεικῶν
771 2532 887 2596 Nauck
922 2540 955 2596 et
991 2531 1169 2611 Semitelos,
1207 2534 1328 2593 κεντῶν

150 2637 262 2701 Hense
292 2636 510 2700 coniecerunt.
547 2635 551 2722 4
591 2643 663 2701 504.
687 2631 824 2700 ἁνδάνει
848 2639 886 2719 L,
925 2630 1103 2717 ,dodonem
1134 2657 1174 2702 ox
1203 2640 1322 2718 aliquot

148 2742 369 2823 apograplris“
403 2740 480 2806 Ddf.
513 2739 517 2828 4
551 2747 623 2808 643.
647 2738 894 2822 ἀνταμύνωνται
919 2746 956 2828 L,
993 2738 1243 2824 ἀνταμύνωνται
1268 2737 1325 2828 Α4

151 2855 225 2912 656.
249 2843 376 2919 πόλεως
399 2844 435 2911 ἐκ
459 2845 568 2920 πάσας
590 2851 628 2933 L,
665 2845 824 2934 πάσηςΑ
854 2849 858 2934 4
890 2858 963 2916 676.
986 2853 1154 2934 πιθαρχία
1177 2851 1216 2928 L,
1250 2868 1328 2911 πει-

149 2958 273 3039 θαρχία
297 2958 335 3021 A.
373 2953 377 3040 4
416 2963 489 3022 681.
521 2953 713 3041 κεκλήμεθα
744 2959 782 3040 L,
817 2959 1083 3039 κεκλέμμεθαΑ
1119 2966 1171 3038 „et
1205 2957 1332 3037 aliquot

147 3064 260 3128 codd.“
287 3061 364 3128 Ddf.
411 3063 502 3128 Haec
525 3065 689 3145 scriptura
712 3066 809 3130 facile
833 3085 874 3131 ex
890 3066 1023 3131 scholiis
1040 3065 1169 3130 restitui
1187 3067 1329 3144 poterat,

147 3189 234 3251 quae
266 3170 543 3251 interpretantur:
580 3167 635 3247 ,,εἰ
663 3166 709 3256 μη
739 3174 795 3243 τάς
825 3169 1009 3257 φρονήσεως
1038 3165 1105 3235 dard
1137 3175 1197 3234 τοῦ
1228 3165 1332 3252 γήρως

145 3272 369 3356 σεσυλάμεθα,
405 3278 511 3356 λέγειν
542 3274 750 3361 φρονούντως
779 3279 885 3350 δοκεῖς
914 3280 994 3361 περὶ
1019 3263 1062 3341 ὧν
1085 3279 1218 3356 λέγειςίς.
1265 3274 1331 3340 Sed

151 3386 261 3450 nescio
286 3405 327 3449 an
351 3406 461 3451 verum
488 3387 542 3469 sit,
579 3387 663 3466 quod
688 3388 850 3468 Hartung.
875 3398 909 3452 et
932 3387 1057 3452 Nauck.
1082 3387 1246 3450 notionem
1270 3385 1333 3446 νοῶ

148 3491 349 3569 desiderant,
374 3495 579 3572 quamobrem
606 3493 767 3573 Hartung.
791 3498 854 3556 τῶν
878 3495 1014 3577 φρενῶν,
1040 3493 1164 3558 Nauck.
1189 3488 1221 3554 εἴ
1233 3513 1266 3554 τι
1283 3483 1332 3570 pi

148 3601 280 3680 φρενῶν
303 3593 526 3678 βεβλάμμεθα
551 3602 766 3666 coniecerunt.
802 3597 1022 3682 βεβλάμμεθα
1040 3619 1097 3680 pro
1114 3598 1331 3677 κεκλέμμεθα

151 3705 216 3768 iam
230 3703 425 3769 Schaeforus
442 3715 661 3787 proposuerat.
680 3705 684 3792 4
704 3713 777 3772 694.
789 3696 832 3768 ἄν
844 3699 1006 3792 άξιωτάτη
1019 3707 1056 3783 L,
1074 3700 1277 3790 ἀναξιωτάτη
1291 3708 1330 3793 Α.

150 3811 272 3875 Verum
297 3811 393 3876 facile
416 3824 548 3891 repertu
577 3822 648 3879 erat
679 3834 719 3880 ex
748 3835 779 3880 v.
804 3821 867 3878 1195
893 3822 926 3879 et
950 3833 991 3880 ex
1015 3816 1130 3895 φθίνει
1155 3809 1297 3899 [ludici]
1325 3808 1329 3898 4

148 3923 228 3983 -697,
264 3911 321 3979 ὑπ’
357 3910 505 3996 άμιστῶν
540 3925 646 3983 κυνῶν
681 3923 718 4003 L,
755 3917 913 4007 ὠμηστῶν
947 3926 985 3987 Α.
1044 3912 1189 4006 άμησταὶ
1224 3915 1330 3994 κύνες,

152 4020 271 4100 οἰωνοί,
308 4020 420 4102 ἰχθύες
451 4029 516 4090 iam
547 4046 587 4093 ex
611 4029 750 4095 Homero
781 4029 851 4093 noti
876 4036 979 4094 erant.
1016 4026 1020 4115 4
1060 4035 1132 4092 698.
1157 4023 1234 4111 μηδ’
1259 4026 1330 4110 LR,

146 4128 233 4216 μηθ’
257 4133 296 4197 Α.
343 4133 441 4198 Prius
464 4130 546 4218 μηθ’
578 4136 640 4199 iam
665 4136 698 4200 in
724 4138 752 4201 L
774 4155 805 4202 v.
830 4144 893 4200 697
923 4149 1012 4201 recte
1036 4135 1193 4216 scriptum
1218 4141 1297 4198 erat.
1325 4130 1329 4218 4

214 4291 240 4358 *p
259 4292 321 4346 ons.
341 4260 374 4336 ὲ
395 4291 550 4346 ornoorsus
568 4294 596 4346 m
616 4293 679 4346 ιιιι.
699 4294 743 4347 nu
762 4293 846 4347 oxon.
868 4295 945 4348 isco.
