2964 4890
667 310 888 368 .-54-

185 491 229 568 dr
240 502 398 581 ταῦροςΑ
415 506 448 564 et
465 501 544 580 pler.
561 498 661 582 codd,
677 504 801 582 πέτρας
815 493 874 563 ἅτε
889 501 1008 582 ταῦρος
1024 499 1163 564 coniecit
1173 497 1371 581 Dorvillius,

187 610 324 687 πέτραις
348 606 387 689 G,
412 606 497 687 quod
518 612 556 671 A.
573 605 732 689 Seyfferto
756 609 890 689 placuit,
915 608 1025 672 nullus
1047 606 1154 671 editor
1178 605 1334 671 defendit
1363 601 1368 688 Ι

189 719 262 778 749.
278 713 458 783 leonardi-c
473 710 560 796 κύρα
578 714 636 778 LA
659 726 693 778 et
716 715 795 794 pler.
811 715 901 780 codd.
920 721 1039 795 „caput
1056 714 1177 779 canitie
1192 713 1367 777 decorum“

188 821 337 901 plerique
374 822 518 886 retinent
555 821 707 886 editores.
764 823 962 893 λεοκανθεὶς
999 822 1039 904 d,
1079 820 1170 905 quod·
1198 820 1369 901 Hartung,

187 926 343 1008 Diodori,
382 930 421 992 A.
456 928 552 1009 Seyff.
592 940 790 1011 proponunt,
831 948 945 1008 parum
984 929 1154 1010 probabile
1188 937 1252 1010 est,
1292 945 1370 992 cum

186 1031 330 1113 χνούζον
375 1034 408 1099 in
447 1029 583 1114 χνοαζον
628 1047 755 1101 mutare
801 1045 905 1118 cogat.
942 1038 946 1120 Ι
985 1043 1058 1101 789.
1095 1036 1130 1098 θ’
1168 1029 1274 1097 dotto
1314 1034 1371 1098 vel

188 1141 219 1204 δ’
243 1136 352 1205 α’θλίω
376 1142 413 1223 L,
450 1143 576 1206 duabus
606 1161 704 1223 snper
726 1169 750 1206 ο
774 1144 896 1209 litteris
927 1144 1040 1224 erasis,
1071 1143 1101 1206 δ’
1125 1138 1231 1205 ἄθλια
1254 1161 1273 1206 a
1298 1160 1372 1205 cor-

188 1258 321 1314 rectore.
368 1248 399 1311 δ’
423 1245 530 1312 ἄθλια
555 1252 593 1329 Α,
625 1244 696 1312 ἀλλ’
719 1246 827 1313 ἄθλια
850 1252 890 1332 G,
920 1264 1024 1316 metro
1048 1250 1161 1315 invito.
1207 1249 1238 1312 δ’
1261 1244 1387 1337 ἄθλια,

154 1442 157 1447 ¹
189 1355 319 1437 plurimi
359 1356 516 1436 editores;
553 1356 585 1419 δ’
620 1348 727 1442 α’έίίίῳ
767 1366 902 1422 tuentur
941 1357 1140 1423 Hermerden
1179 1365 1214 1421 et
1250 1356 1371 1420 Nauck

188 1482 312 1528 summo
351 1463 437 1544 iurc,
478 1472 514 1527 ut
552 1464 690 1529 videtur.
750 1466 831 1529 Nam
870 1484 941 1529 cnm
982 1465 1160 1529 infaustum
1200 1464 1371 1527 oraculum

188 1571 314 1634 duobos
338 1570 401 1634 iam
426 1570 599 1635 adiectivis
624 1568 693 1657 [καὶ
716 1566 808 1634 δεινοὶ
832 1573 888 1633 καὶ
903 1567 1058 1657 δύστηνα]
1082 1572 1165 1636 satis
1188 1570 1371 1635 indicatum

185 1686 283 1757 esset,
317 1694 484 1756 personam
510 1679 561 1742 cui
587 1678 751 1744 oraculum
776 1679 888 1744 datum
912 1690 963 1744 est
987 1674 1120 1765 [ἀθλίῳ]
1150 1678 1270 1743 addere
1293 1695 1374 1741 cou-

186 1795 378 1849 sentaneum
403 1794 483 1848 crat.
509 1784 513 1867 Ι
543 1792 636 1849 1020.
660 1781 795 1863 ἐγεύσατ’
819 1804 931 1851 omnes
955 1787 1040 1869 libri,
1066 1782 1243 1868 ἐφύσασθ
1266 1785 1373 1868 soluS,

187 1891 273 1972 quod
294 1893 333 1955 A.
350 1890 489 1973 Seyffert
513 1892 583 1956 siue
607 1911 705 1956 causa
730 1893 881 1972 praefert.
907 1890 911 1979 l
940 1899 1034 1959 1138.
1049 1897 1195 1973 χειμῶνα
1211 1893 1373 1973 LAMM2,

185 2091 346 2168 χειμῶνος
362 2088 425 2169 (γρ.
441 2089 591 2170 χειμῶνι)
608 2088 647 2170 G,
673 2019 972 2171 χεομῶνύχΑΤΠῖ,
996 2093 1133 2168 χειμῶνι
1151 2090 1277 2154 Elios
1291 2095 1372 2154 500.

188 2198 227 2260 A.
252 2194 347 2277 Seyff.
371 2196 451 2277 ipsc,
489 2194 637 2275 quamvis
661 2197 818 2275 χειμῶνος
846 2197 1058 2278 commendat,
1094 2199 1239 2276 χειμῶνα
1271 2192 1373 2281 [„per

189 2298 373 2386 lriemom“l‚
409 2302 492 2382 quod
526 2303 672 2382 plerique
703 2303 844 2368 editores
868 2303 1037 2385 dederunt,
1074 2304 1156 2368 nihil
1180 2302 1373 2368 offensionis

187 2411 309 2474 habere
332 2408 467 2473 fatetur.

295 2568 397 2634 Phil.
424 2576 473 2634 11.
497 2561 595 2645 dicor
627 2569 697 2653 (sic,
723 2571 743 2634 i.
767 2589 793 2634 e.
818 2566 928 2653 ἰύζων)
952 2569 982 2635 G
1006 2572 1094 2635 solus
1118 2590 1176 2650 pro
1199 2565 1370 2643 στενάζων.

187 2677 258 2741 Non
291 2696 341 2741 osa
373 2694 483 2757 causa,
519 2695 577 2740 cur
609 2677 809 2757 probabilem
843 2677 979 2742 aliorum
1010 2679 1164 2742 librorum
1195 2679 1371 2743 lectionem

188 2784 369 2849 reiciamus
397 2780 400 2868 l
428 2790 478 2847 29.
503 2778 627 2853 κτύπος
649 2784 867 2864 LLcVat.V³,
891 2782 997 2855 τύπος
1020 2783 1083 2869 (γρ.
1100 2786 1158 2846 καί
1173 2781 1310 2866 κτύπος)
1328 2787 1369 2869 G,

188 2886 313 2960 κτύπος
337 2892 397 2972 (γρ.
414 2887 529 2972 τύπος)
553 2890 593 2972 R,
616 2886 721 2960 τύπος
744 2892 803 2955 lA.
850 2890 979 2956 Codicis
998 2892 1026 2956 L
1050 2893 1221 2957 lectionem
1246 2888 1373 2963 κτύπος

188 3017 208 3062 a
231 2997 396 3062 nonnullis
420 2997 598 3063 editoribus
622 2998 835 3079 improbatam
860 3007 1041 3080 praeeunte
1063 2999 1311 3065 Solrnoidcwino
1336 3012 1372 3064 et

189 3105 376 3170 Hermanno
400 3111 512 3168 tuetur
528 3105 569 3169 M.
586 3103 736 3186 Seyffert,
761 3123 894 3170 monens
911 3123 1021 3171 vocem
1038 3109 1145 3188 στίβος
1163 3106 1367 3186 „incessum“

188 3208 388 3296 [περίπατον
404 3206 540 3296 scholia]
566 3211 752 3292 significare
775 3219 809 3277 et
828 3213 955 3290 „Ulixis
976 3214 1229 3278 admonitionem
1255 3211 1299 3299 [v.
1315 3219 1370 3278 30.

188 3310 249 3401 ὅρα
272 3319 349 3381 καθ’
373 3310 483 3380 ὕπνον
505 3311 552 3397 μὴ
575 3318 806 3389 καταυλισθεὶς
829 3319 934 3403 κυρεῖ]
968 3322 1010 3385 ad
1041 3321 1189 3387 incessus
1215 3323 1370 3405 sonitum,

189 3443 281 3505 quem
318 3425 424 3490 audiri
467 3432 565 3505 neget
599 3426 845 3509 Neoptolemus
885 3446 949 3492 non
985 3427 1025 3491 ad
1062 3429 1195 3510 vestigii
1231 3429 1370 3495 formam

188 3527 316 3615 [τύπος]
346 3532 619 3596 accommodatam
643 3534 745 3597 esse“.
778 3531 782 3619 Ι
818 3535 890 3598 206.
914 3535 1025 3614 στίβου
1048 3535 1087 3616 L,
1121 3538 1230 3617 στίβον
1254 3535 1370 3601 dvsu.

188 3638 291 3703 Recto
329 3639 566 3719 interpretatur
603 3640 812 3705 Hermannus
851 3641 1014 3721 plerisque
1056 3642 1136 3707 viris
1175 3643 1280 3709 doctis
1318 3664 1370 3711 as-

188 3745 420 3811 sentientibus:
450 3747 621 3825 „Revera
645 3749 686 3812 ad
711 3768 761 3814 mo
785 3749 905 3814 accidit
928 3750 1054 3814 sonitus
1076 3751 1256 3832 cuiuspiam
1273 3753 1369 3832 gravi

188 3854 413 3932 laboriosoque
442 3855 573 3919 incessu
601 3855 838 3935 ingredientis“
874 3854 878 3941 l
912 3862 986 3920 482.
1010 3849 1091 3920 ὅποι
1115 3858 1182 3923 LA.
1217 3850 1304 3921 ὅπου
1330 3860 1369 3926 G.

188 3952 270 4022 ὅποι
306 3961 336 4040 [i.
361 3980 388 4024 c.
419 3957 524 4023 ἐκεῖσε
552 3954 651 4045 ὅπου]
687 3981 812 4028 summo
843 3964 914 4028 iure
944 3964 1085 4030 editores
1116 3965 1267 4031 retinent.
1320 3968 1370 4034 De

168 4067 441 4133 attractionibus
466 4069 623 4133 eiusmodi
649 4068 689 4135 cf.
714 4072 873 4153 Kruegcr‚
898 4071 1008 4137 (lnam.
1025 4073 1081 4138 Gr.
1104 4073 1224 4156 1551,
1246 4079 1295 4156 lo,
1313 4072 1367 4160 dl

189 4182 263 4239 560.
287 4176 445 4256 φέρειςίί
469 4176 558 4240 solus
581 4196 640 4257 pro
664 4173 758 4255 ἔχεις.
794 4179 833 4242 A.
850 4178 992 4260 Seytl'ort
1014 4180 1085 4261 ipse
1104 4180 1141 4244 L.
1166 4181 1370 4261 aliorumque

189 4281 281 4346 codd.
305 4282 480 4347 lectionem
514 4283 544 4347 h.
568 4284 587 4348 l.
611 4299 644 4349 et
668 4303 696 4348 v.
721 4290 787 4350 482
811 4284 1058 4367 praeferendam
1083 4305 1156 4352 esse
1180 4287 1336 4353 coneedit
1363 4288 1367 4375 Ι
