2964 4890
252 1697 313 1794 Ilo
346 1693 499 1793 codice
531 1573 840 1794 Laurontlano
873 1696 1047 1816 XXXII,
1079 1705 1118 1793 9.
1154 1694 1240 1816 (L.)

511 1916 540 1977 1.
566 1910 741 1978 Historia
766 1911 909 1977 codicis
933 1911 975 1977 L.

261 2038 522 2105 Renascentibus
545 2040 580 2104 in
603 2040 703 2106 Italia
730 2039 852 2104 litteris
876 2047 1016 2105 exeunte
1040 2039 1169 2104 saeculo
1193 2036 1274 2102 XIV
1298 2041 1333 2102 et

153 2145 289 2208 ineunte
313 2145 376 2208 XV
402 2164 473 2210 oum
498 2147 609 2211 studia
632 2147 673 2210 ad
696 2145 894 2212 Graecorum
920 2152 953 2210 et
976 2146 1194 2211 Romanorum
1226 2150 1332 2208 artem

155 2258 188 2314 et·
205 2250 333 2314 litteras
352 2251 535 2328 spectantia
551 2251 714 2332 florerent,
739 2251 940 2315 incredibilis
964 2256 1111 2316 veterum
1135 2251 1331 2330 scriptorum

156 2355 354 2436 exemplaria
393 2356 598 2438 evestigandi
637 2356 876 2440 colligendique
926 2357 1055 2422 exstitit
1093 2357 1198 2423 ardor.
1258 2356 1332 2420 Illis

153 2463 356 2553 temporibus
394 2470 432 2527 ut
471 2463 667 2529 Franciscus
706 2464 851 2545 Poggius
892 2460 1146 2550 [laco-1459]
1186 2463 1329 2543 ltaliam,

153 2569 356 2650 Helvetium,
397 2569 553 2653 Galliam,
597 2570 805 2637 Germaniam
852 2571 1042 2653 peragravit
1080 2576 1112 2636 et
1151 2572 1331 2652 permultos

151 2677 344 2742 Latinorum
384 2677 579 2757 scriptorum
627 2678 753 2744 codices
797 2678 917 2760 coegit,
964 2679 1012 2743 ita
1050 2678 1092 2743 ad
1131 2678 1329 2743 Graecorum

153 2784 346 2864 scriptorum
383 2784 486 2850 libros
525 2784 728 2867 indagandos
767 2791 867 2865 atque
905 2784 946 2849 ad
985 2785 1130 2866 linguam
1170 2785 1330 2850 Graecam

153 2888 398 2969 perdiscendam
443 2891 591 2956 Joannes
637 2892 782 2972 Aurispa
816 2888 1106 2976 1[1370-1459],
1163 2890 1332 2957 Guarinus

152 2996 361 3080 Veronensis,
396 2997 593 3062 Franciscus
620 2997 812 3077 Philelphus
847 3015 876 3062 a.
907 2997 1051 3083 l4l9f20
1089 2999 1123 3062 in
1155 2998 1327 3065 Graeciam

151 3103 256 3183 ipsam
279 3111 313 3168 et
329 3103 653 3185 Constantinopolim,
678 3103 785 3170 sedem
810 3105 1052 3170 celeberrimam
1069 3105 1328 3184 Byzantiuorum

153 3211 438 3291 grammaticorum
462 3209 602 3295 profecti
625 3218 709 3277 sunt.
757 3212 944 3292 Aurispa
979 3212 1067 3276 solus
1098 3230 1126 3274 a.
1154 3215 1237 3275 1423
1263 3230 1327 3276 non

152 3317 260 3380 minus
291 3334 386 3396 quam
417 3324 480 3382 238
515 3318 641 3384 codices
673 3319 705 3382 in
730 3319 860 3383 Italiam
892 3317 1065 3382 transtulit
1095 3323 1127 3381 et
1159 3336 1200 3381 ex
1229 3317 1330 3383 ruina

152 3422 280 3503 imperii
297 3423 465 3490 orientalis
481 3425 638 3491 servavit.
683 3425 847 3506 Aurispae
870 3443 997 3506 quoque
1015 3424 1167 3490 debemus
1184 3424 1327 3490 codicem

151 3529 242 3594 illum
267 3530 525 3612 antiquissimum
549 3538 583 3598 et
607 3531 774 3615 optimum,
800 3538 923 3612 septem
948 3531 1134 3612 tragoedias
1159 3532 1328 3613 Sophoclis

150 3637 383 3720 continentem,
431 3657 524 3719 quem
570 3639 634 3702 iam
677 3639 834 3720 Aurispa,
882 3638 1069 3718 priusquam
1117 3638 1151 3703 in
1191 3639 1322 3704 Italiam

149 3743 281 3824 rediret,
310 3745 444 3812 Nicolao
467 3745 609 3829 Niccolo,
641 3744 839 3810 amicissimo
863 3762 932 3826 suo,
962 3745 1164 3810 Florentiam
1189 3746 1325 3826 misit.*)

211 3918 238 3985 ¹⁸¹)
258 3919 291 3972 cf.
315 3919 412 3986 Voigt,
440 3919 483 3972 die
507 3919 751 3986 Wiederbelabung
778 3920 824 3973 des
852 3919 1012 3975 classisohen
1038 3922 1188 3975 Altertums
1215 3922 1285 3976 1880
1310 3923 1325 3976 Ι

254 4025 279 4077 p.
299 4008 351 4063 264
364 4023 421 4073 sqq.
440 4007 467 4061 J.
486 4009 519 4062 Α.
538 4009 677 4075 Symonds,
701 4009 881 4062 Renaissence
908 4010 936 4063 in
955 4011 1042 4076 Italy:
1072 4011 1129 4064 The
1149 4010 1264 4063 Revival
1296 4011 1327 4063 oi

256 4098 393 4165 Learning
424 4098 509 4164 1882,
540 4113 566 4164 p.
598 4099 659 4152 178.
690 4097 751 4151 267.
783 4128 815 4136 —
848 4098 993 4167 Perperam
1024 4099 1137 4153 coniecit
1168 4099 1324 4152 Dindorfius

257 4186 363 4255 [Philol.
382 4187 418 4241 18
436 4186 529 4253 (1866)
545 4202 571 4254 p.
590 4186 634 4255 55]
663 4185 876 4240 Laurentianum
902 4203 962 4241 oum
987 4187 1080 4240 multis
1105 4187 1164 4241 aliis
1190 4187 1326 4242 codicibus

255 4275 394 4330 aJoanne
422 4276 531 4331 Lascari
555 4275 630 4330 iussu
657 4275 797 4331 Laurentii
819 4276 915 4330 Medici
942 4276 1069 4344 Byzantii
1099 4282 1217 4344 emptum
1242 4284 1270 4331 et
1294 4277 1327 4331 ln

635 4650 825 4764 2737
833 4652 932 4757 su
