<?xml version="1.0" encoding="UTF-8"?>
<!DOCTYPE html PUBLIC "-//W3C//DTD XHTML 1.0 Transitional//EN"
    "http://www.w3.org/TR/xhtml1/DTD/xhtml1-transitional.dtd">
<html xmlns="http://www.w3.org/1999/xhtml" xml:lang="en" lang="en">
 <head>
  <title>
</title>
<meta http-equiv="Content-Type" content="text/html;charset=utf-8" />
  <meta name='ocr-system' content='tesseract 3.04.00' />
  <meta name='ocr-capabilities' content='ocr_page ocr_carea ocr_par ocr_line ocrx_word'/>
</head>
<body>
  <div class='ocr_page' id='page_1' title='image "./desophocliscodi00meifgoog_0065.png"; bbox 0 0 2964 4890; ppageno 0'>
   <div class='ocr_carea' id='block_1_1' title="bbox 676 325 898 385">
    <p class='ocr_par' dir='ltr' id='par_1_1' title="bbox 676 325 898 385">
     <span class='ocr_line' id='line_1_1' title="bbox 676 325 898 385; baseline 0.005 -18"><span class='ocrx_word' id='word_1_1' title='bbox 676 325 898 385; x_wconf 72' lang='lat'>„53-</span> 
     </span>
    </p>
   </div>
   <div class='ocr_carea' id='block_1_2' title="bbox 194 512 1390 4133">
    <p class='ocr_par' dir='ltr' id='par_1_2' title="bbox 197 512 1390 2308">
     <span class='ocr_line' id='line_1_2' title="bbox 200 512 1388 599; baseline -0.001 -20"><span class='ocrx_word' id='word_1_2' title='bbox 200 515 347 597; x_wconf 89' lang='lat' dir='ltr'>pleniora</span> <span class='ocrx_word' id='word_1_3' title='bbox 375 534 469 596; x_wconf 87' lang='lat' dir='ltr'>quam</span> <span class='ocrx_word' id='word_1_4' title='bbox 494 516 528 580; x_wconf 93' lang='lat' dir='ltr'>in</span> <span class='ocrx_word' id='word_1_5' title='bbox 553 517 627 582; x_wconf 85' lang='lat' dir='ltr'>eliis</span> <span class='ocrx_word' id='word_1_6' title='bbox 650 517 744 582; x_wconf 88' lang='lat' dir='ltr'>libris</span> <span class='ocrx_word' id='word_1_7' title='bbox 767 522 908 599; x_wconf 88' lang='lat' dir='ltr'>exstare,</span> <span class='ocrx_word' id='word_1_8' title='bbox 944 516 972 581; x_wconf 94' lang='lat' dir='ltr'>L</span> <span class='ocrx_word' id='word_1_9' title='bbox 996 533 1060 579; x_wconf 90' lang='lat' dir='ltr'>non</span> <span class='ocrx_word' id='word_1_10' title='bbox 1084 521 1227 596; x_wconf 81' lang='lat' dir='ltr'>excepto.</span> <span class='ocrx_word' id='word_1_11' title='bbox 1273 512 1388 596; x_wconf 81' lang='lat' dir='ltr'>Quam</span> 
     </span>
     <span class='ocr_line' id='line_1_3' title="bbox 200 621 1390 707; baseline -0.002 -20"><span class='ocrx_word' id='word_1_12' title='bbox 200 641 267 687; x_wconf 88' lang='lat' dir='ltr'>rem</span> <span class='ocrx_word' id='word_1_13' title='bbox 284 623 477 704; x_wconf 83' lang='lat' dir='ltr'>explicatius</span> <span class='ocrx_word' id='word_1_14' title='bbox 495 625 645 704; x_wconf 77' lang='lat' dir='ltr'>exposuit</span> <span class='ocrx_word' id='word_1_15' title='bbox 661 621 952 707; x_wconf 82' lang='lat' dir='ltr'>Papageorgius*),</span> <span class='ocrx_word' id='word_1_16' title='bbox 979 623 1034 703; x_wconf 86' lang='lat' dir='ltr'>qui</span> <span class='ocrx_word' id='word_1_17' title='bbox 1056 640 1096 686; x_wconf 83' lang='lat' dir='ltr'>ex</span> <span class='ocrx_word' id='word_1_18' title='bbox 1112 621 1168 686; x_wconf 94' lang='lat' dir='ltr'>illo</span> <span class='ocrx_word' id='word_1_19' title='bbox 1185 627 1390 703; x_wconf 88' lang='lat' dir='ltr'>argumento</span> 
     </span>
     <span class='ocr_line' id='line_1_4' title="bbox 200 728 1383 812; baseline -0.002 -18"><span class='ocrx_word' id='word_1_20' title='bbox 200 730 241 794; x_wconf 89' lang='lat' dir='ltr'>de</span> <span class='ocrx_word' id='word_1_21' title='bbox 263 730 395 795; x_wconf 79' lang='lat' dir='ltr'><strong>scholiis</strong></span> <span class='ocrx_word' id='word_1_22' title='bbox 420 731 548 810; x_wconf 87' lang='lat' dir='ltr'>quidem</span> <span class='ocrx_word' id='word_1_23' title='bbox 574 732 731 812; x_wconf 83' lang='lat' dir='ltr'>originem</span> <span class='ocrx_word' id='word_1_24' title='bbox 756 731 922 796; x_wconf 89' lang='lat' dir='ltr'>codicisG</span> <span class='ocrx_word' id='word_1_25' title='bbox 945 731 986 795; x_wconf 92' lang='lat' dir='ltr'>ab</span> <span class='ocrx_word' id='word_1_26' title='bbox 1010 729 1085 794; x_wconf 89' lang='lat' dir='ltr'>aliis</span> <span class='ocrx_word' id='word_1_27' title='bbox 1105 728 1197 794; x_wconf 89' lang='lat' dir='ltr'>libris</span> <span class='ocrx_word' id='word_1_28' title='bbox 1214 729 1383 794; x_wconf 85' lang='lat' dir='ltr'>diversam</span> 
     </span>
     <span class='ocr_line' id='line_1_5' title="bbox 200 828 1388 918; baseline 0 -17"><span class='ocrx_word' id='word_1_29' title='bbox 200 837 413 916; x_wconf 82' lang='lat' dir='ltr'>colligendam</span> <span class='ocrx_word' id='word_1_30' title='bbox 450 856 521 902; x_wconf 90' lang='lat' dir='ltr'>esse</span> <span class='ocrx_word' id='word_1_31' title='bbox 556 846 675 904; x_wconf 87' lang='lat' dir='ltr'>censet.</span> <span class='ocrx_word' id='word_1_32' title='bbox 728 837 790 903; x_wconf 76' lang='lat' dir='ltr'>Sed</span> <span class='ocrx_word' id='word_1_33' title='bbox 827 838 903 902; x_wconf 82' lang='lat' dir='ltr'>libri</span> <span class='ocrx_word' id='word_1_34' title='bbox 939 838 968 903; x_wconf 98' lang='lat' dir='ltr'><strong>G</strong></span> <span class='ocrx_word' id='word_1_35' title='bbox 1003 836 1138 918; x_wconf 83' lang='lat' dir='ltr'>scholia,</span> <span class='ocrx_word' id='word_1_36' title='bbox 1164 828 1200 900; x_wconf 63' lang='lat' dir='ltr'>&#39;si</span> <span class='ocrx_word' id='word_1_37' title='bbox 1241 854 1312 900; x_wconf 95' lang='lat' dir='ltr'>cum</span> <span class='ocrx_word' id='word_1_38' title='bbox 1353 836 1388 901; x_wconf 87' lang='lat' dir='ltr'>L</span> 
     </span>
     <span class='ocr_line' id='line_1_6' title="bbox 200 942 1389 1028; baseline -0.001 -20"><span class='ocrx_word' id='word_1_39' title='bbox 200 944 331 1008; x_wconf 84' lang='lat' dir='ltr'>scholiis</span> <span class='ocrx_word' id='word_1_40' title='bbox 356 963 590 1027; x_wconf 83' lang='lat' dir='ltr'>comparamus,</span> <span class='ocrx_word' id='word_1_41' title='bbox 621 945 778 1028; x_wconf 86' lang='lat' dir='ltr'>addendo,</span> <span class='ocrx_word' id='word_1_42' title='bbox 811 945 1021 1024; x_wconf 85' lang='lat' dir='ltr'>detrahendo,</span> <span class='ocrx_word' id='word_1_43' title='bbox 1052 942 1253 1008; x_wconf 86' lang='lat' dir='ltr'>immutando</span> <span class='ocrx_word' id='word_1_44' title='bbox 1285 961 1327 1008; x_wconf 88' lang='lat' dir='ltr'>ex</span> <span class='ocrx_word' id='word_1_45' title='bbox 1354 942 1389 1007; x_wconf 99' lang='lat' dir='ltr'>L</span> 
     </span>
     <span class='ocr_line' id='line_1_7' title="bbox 200 1049 1385 1132; baseline -0.001 -16"><span class='ocrx_word' id='word_1_46' title='bbox 200 1051 332 1116; x_wconf 85' lang='lat' dir='ltr'>scholiis</span> <span class='ocrx_word' id='word_1_47' title='bbox 363 1051 512 1116; x_wconf 81' lang='lat' dir='ltr'>derivata</span> <span class='ocrx_word' id='word_1_48' title='bbox 543 1051 749 1132; x_wconf 78' lang='lat' dir='ltr'>reperiemus.</span> <span class='ocrx_word' id='word_1_49' title='bbox 796 1051 946 1132; x_wconf 72' lang='lat' dir='ltr'>corrupti</span> <span class='ocrx_word' id='word_1_50' title='bbox 972 1052 999 1115; x_wconf 90' lang='lat' dir='ltr'>L</span> <span class='ocrx_word' id='word_1_51' title='bbox 1023 1051 1218 1116; x_wconf 88' lang='lat' dir='ltr'>scholiorum</span> <span class='ocrx_word' id='word_1_52' title='bbox 1248 1050 1313 1114; x_wconf 92' lang='lat' dir='ltr'>loci</span> <span class='ocrx_word' id='word_1_53' title='bbox 1346 1049 1385 1115; x_wconf 88' lang='lat' dir='ltr'>in</span> 
     </span>
     <span class='ocr_line' id='line_1_8' title="bbox 199 1155 1387 1238; baseline 0 -15"><span class='ocrx_word' id='word_1_54' title='bbox 199 1157 230 1223; x_wconf 89' lang='lat' dir='ltr'><strong>G</strong></span> <span class='ocrx_word' id='word_1_55' title='bbox 266 1176 392 1238; x_wconf 88' lang='lat' dir='ltr'>quoque</span> <span class='ocrx_word' id='word_1_56' title='bbox 427 1155 510 1222; x_wconf 85' lang='lat' dir='ltr'>falso</span> <span class='ocrx_word' id='word_1_57' title='bbox 547 1158 723 1223; x_wconf 87' lang='lat' dir='ltr'>traduntur</span> <span class='ocrx_word' id='word_1_58' title='bbox 758 1166 791 1223; x_wconf 89' lang='lat' dir='ltr'>et</span> <span class='ocrx_word' id='word_1_59' title='bbox 825 1158 858 1222; x_wconf 91' lang='lat' dir='ltr'>id</span> <span class='ocrx_word' id='word_1_60' title='bbox 895 1159 979 1238; x_wconf 88' lang='lat' dir='ltr'>quod</span> <span class='ocrx_word' id='word_1_61' title='bbox 1013 1159 1048 1222; x_wconf 91' lang='lat' dir='ltr'>in</span> <span class='ocrx_word' id='word_1_62' title='bbox 1083 1159 1111 1222; x_wconf 93' lang='lat' dir='ltr'>L</span> <span class='ocrx_word' id='word_1_63' title='bbox 1146 1156 1253 1222; x_wconf 90' lang='lat' dir='ltr'>minus</span> <span class='ocrx_word' id='word_1_64' title='bbox 1289 1156 1387 1223; x_wconf 85' lang='lat' dir='ltr'>clare</span> 
     </span>
     <span class='ocr_line' id='line_1_9' title="bbox 199 1265 1390 1347; baseline 0.002 -18"><span class='ocrx_word' id='word_1_65' title='bbox 199 1265 356 1345; x_wconf 89' lang='lat' dir='ltr'>scriptum</span> <span class='ocrx_word' id='word_1_66' title='bbox 381 1273 441 1347; x_wconf 88' lang='lat' dir='ltr'>est,</span> <span class='ocrx_word' id='word_1_67' title='bbox 466 1265 500 1329; x_wconf 93' lang='lat' dir='ltr'>in</span> <span class='ocrx_word' id='word_1_68' title='bbox 525 1265 555 1330; x_wconf 88' lang='lat' dir='ltr'>G</span> <span class='ocrx_word' id='word_1_69' title='bbox 579 1265 708 1330; x_wconf 93' lang='lat' dir='ltr'>omnino</span> <span class='ocrx_word' id='word_1_70' title='bbox 732 1283 797 1328; x_wconf 93' lang='lat' dir='ltr'>non</span> <span class='ocrx_word' id='word_1_71' title='bbox 820 1265 950 1347; x_wconf 87' lang='lat' dir='ltr'>legitur.</span> <span class='ocrx_word' id='word_1_72' title='bbox 997 1265 1268 1346; x_wconf 63' lang='lat' dir='ltr'>scholiarcham,</span> <span class='ocrx_word' id='word_1_73' title='bbox 1294 1282 1390 1342; x_wconf 83' lang='lat' dir='ltr'>quae</span> 
     </span>
     <span class='ocr_line' id='line_1_10' title="bbox 199 1369 1388 1452; baseline -0.001 -16"><span class='ocrx_word' id='word_1_74' title='bbox 199 1390 284 1436; x_wconf 92' lang='lat' dir='ltr'>unus</span> <span class='ocrx_word' id='word_1_75' title='bbox 307 1371 337 1437; x_wconf 90' lang='lat' dir='ltr'><strong>G</strong></span> <span class='ocrx_word' id='word_1_76' title='bbox 361 1372 494 1437; x_wconf 83' lang='lat' dir='ltr'>exhibet</span> <span class='ocrx_word' id='word_1_77' title='bbox 525 1379 559 1437; x_wconf 90' lang='lat' dir='ltr'>et</span> <span class='ocrx_word' id='word_1_78' title='bbox 583 1392 666 1452; x_wconf 86' lang='lat' dir='ltr'>quae</span> <span class='ocrx_word' id='word_1_79' title='bbox 697 1372 910 1437; x_wconf 89' lang='lat' dir='ltr'>vetustiorem</span> <span class='ocrx_word' id='word_1_80' title='bbox 942 1372 1099 1451; x_wconf 79' lang='lat' dir='ltr'>originem</span> <span class='ocrx_word' id='word_1_81' title='bbox 1131 1389 1208 1451; x_wconf 86' lang='lat' dir='ltr'>prae</span> <span class='ocrx_word' id='word_1_82' title='bbox 1232 1388 1268 1435; x_wconf 91' lang='lat' dir='ltr'>se</span> <span class='ocrx_word' id='word_1_83' title='bbox 1292 1369 1388 1435; x_wconf 86' lang='lat' dir='ltr'>ferre</span> 
     </span>
     <span class='ocr_line' id='line_1_11' title="bbox 198 1477 1383 1559; baseline -0.001 -17"><span class='ocrx_word' id='word_1_84' title='bbox 198 1478 364 1557; x_wconf 87' lang='lat' dir='ltr'>videntur,</span> <span class='ocrx_word' id='word_1_85' title='bbox 400 1479 574 1559; x_wconf 88' lang='lat' dir='ltr'>praecipue</span> <span class='ocrx_word' id='word_1_86' title='bbox 605 1480 644 1543; x_wconf 88' lang='lat' dir='ltr'>ad</span> <span class='ocrx_word' id='word_1_87' title='bbox 670 1478 781 1543; x_wconf 85' lang='lat' dir='ltr'>Aiacis</span> <span class='ocrx_word' id='word_1_88' title='bbox 812 1497 928 1545; x_wconf 89' lang='lat' dir='ltr'>versus</span> <span class='ocrx_word' id='word_1_89' title='bbox 960 1478 1085 1558; x_wconf 87' lang='lat' dir='ltr'>priores</span> <span class='ocrx_word' id='word_1_90' title='bbox 1114 1484 1173 1542; x_wconf 79' lang='lat' dir='ltr'>uto</span> <span class='ocrx_word' id='word_1_91' title='bbox 1199 1477 1383 1557; x_wconf 88' lang='lat' dir='ltr'>pertinent,</span> 
     </span>
     <span class='ocr_line' id='line_1_12' title="bbox 199 1583 1386 1667; baseline -0.001 -19"><span class='ocrx_word' id='word_1_92' title='bbox 199 1585 283 1664; x_wconf 89' lang='lat' dir='ltr'>quod</span> <span class='ocrx_word' id='word_1_93' title='bbox 307 1603 372 1648; x_wconf 91' lang='lat' dir='ltr'>non</span> <span class='ocrx_word' id='word_1_94' title='bbox 396 1590 456 1667; x_wconf 87' lang='lat' dir='ltr'>est,</span> <span class='ocrx_word' id='word_1_95' title='bbox 492 1604 549 1650; x_wconf 92' lang='lat' dir='ltr'>cur</span> <span class='ocrx_word' id='word_1_96' title='bbox 573 1586 734 1650; x_wconf 89' lang='lat' dir='ltr'>miremur.</span> <span class='ocrx_word' id='word_1_97' title='bbox 780 1587 863 1650; x_wconf 90' lang='lat' dir='ltr'>Nam</span> <span class='ocrx_word' id='word_1_98' title='bbox 887 1603 997 1650; x_wconf 92' lang='lat' dir='ltr'>omnes</span> <span class='ocrx_word' id='word_1_99' title='bbox 1029 1585 1084 1665; x_wconf 87' lang='lat' dir='ltr'>qui</span> <span class='ocrx_word' id='word_1_100' title='bbox 1113 1583 1310 1649; x_wconf 87' lang='lat' dir='ltr'>codicemL</span> <span class='ocrx_word' id='word_1_101' title='bbox 1333 1584 1386 1648; x_wconf 90' lang='lat' dir='ltr'>in-</span> 
     </span>
     <span class='ocr_line' id='line_1_13' title="bbox 198 1690 1389 1774; baseline 0 -20"><span class='ocrx_word' id='word_1_102' title='bbox 198 1699 384 1774; x_wconf 81' lang='lat' dir='ltr'>spexerunt,</span> <span class='ocrx_word' id='word_1_103' title='bbox 421 1694 629 1757; x_wconf 87' lang='lat' dir='ltr'>consentiunt</span> <span class='ocrx_word' id='word_1_104' title='bbox 653 1699 686 1757; x_wconf 92' lang='lat' dir='ltr'>et</span> <span class='ocrx_word' id='word_1_105' title='bbox 710 1711 750 1757; x_wconf 83' lang='lat' dir='ltr'>ex</span> <span class='ocrx_word' id='word_1_106' title='bbox 773 1691 924 1757; x_wconf 83' lang='lat' dir='ltr'>lacsimili</span> <span class='ocrx_word' id='word_1_107' title='bbox 957 1694 996 1756; x_wconf 90' lang='lat' dir='ltr'>ab</span> <span class='ocrx_word' id='word_1_108' title='bbox 1023 1692 1140 1771; x_wconf 85' lang='lat' dir='ltr'>Anglis</span> <span class='ocrx_word' id='word_1_109' title='bbox 1165 1690 1252 1756; x_wconf 85' lang='lat' dir='ltr'>edito</span> <span class='ocrx_word' id='word_1_110' title='bbox 1277 1691 1389 1755; x_wconf 87' lang='lat' dir='ltr'>mani·</span> 
     </span>
     <span class='ocr_line' id='line_1_14' title="bbox 198 1797 1390 1881; baseline 0.002 -20"><span class='ocrx_word' id='word_1_111' title='bbox 198 1797 282 1862; x_wconf 79' lang='lat' dir='ltr'>testo</span> <span class='ocrx_word' id='word_1_112' title='bbox 318 1806 463 1881; x_wconf 87' lang='lat' dir='ltr'>apparet,</span> <span class='ocrx_word' id='word_1_113' title='bbox 500 1800 534 1863; x_wconf 89' lang='lat' dir='ltr'>in</span> <span class='ocrx_word' id='word_1_114' title='bbox 563 1801 590 1864; x_wconf 88' lang='lat' dir='ltr'>L</span> <span class='ocrx_word' id='word_1_115' title='bbox 625 1801 804 1879; x_wconf 83' lang='lat' dir='ltr'>permultas</span> <span class='ocrx_word' id='word_1_116' title='bbox 841 1800 968 1864; x_wconf 88' lang='lat' dir='ltr'>litteras</span> <span class='ocrx_word' id='word_1_117' title='bbox 1003 1799 1037 1863; x_wconf 90' lang='lat' dir='ltr'>in</span> <span class='ocrx_word' id='word_1_118' title='bbox 1072 1798 1236 1879; x_wconf 87' lang='lat' dir='ltr'>prioribus</span> <span class='ocrx_word' id='word_1_119' title='bbox 1264 1797 1390 1863; x_wconf 86' lang='lat' dir='ltr'>Aiacis</span> 
     </span>
     <span class='ocr_line' id='line_1_15' title="bbox 198 1901 1386 1987; baseline 0.003 -20"><span class='ocrx_word' id='word_1_120' title='bbox 198 1901 330 1968; x_wconf 88' lang='lat' dir='ltr'>fabulae</span> <span class='ocrx_word' id='word_1_121' title='bbox 361 1907 490 1987; x_wconf 82' lang='lat' dir='ltr'>paginis</span> <span class='ocrx_word' id='word_1_122' title='bbox 514 1907 610 1986; x_wconf 86' lang='lat' dir='ltr'>longo</span> <span class='ocrx_word' id='word_1_123' title='bbox 635 1925 791 1971; x_wconf 88' lang='lat' dir='ltr'>annorum</span> <span class='ocrx_word' id='word_1_124' title='bbox 826 1908 932 1986; x_wconf 90' lang='lat' dir='ltr'>spatio</span> <span class='ocrx_word' id='word_1_125' title='bbox 957 1924 1090 1986; x_wconf 91' lang='lat' dir='ltr'>prorsus</span> <span class='ocrx_word' id='word_1_126' title='bbox 1114 1906 1323 1971; x_wconf 84' lang='lat' dir='ltr'>oblitteratas</span> <span class='ocrx_word' id='word_1_127' title='bbox 1348 1916 1386 1970; x_wconf 92' lang='lat' dir='ltr'>et</span> 
     </span>
     <span class='ocr_line' id='line_1_16' title="bbox 197 2011 1383 2094; baseline 0.003 -19"><span class='ocrx_word' id='word_1_128' title='bbox 197 2011 232 2075; x_wconf 91' lang='lat' dir='ltr'>in</span> <span class='ocrx_word' id='word_1_129' title='bbox 272 2013 433 2077; x_wconf 83' lang='lat' dir='ltr'>exteriore</span> <span class='ocrx_word' id='word_1_130' title='bbox 478 2014 626 2094; x_wconf 84' lang='lat' dir='ltr'>margine</span> <span class='ocrx_word' id='word_1_131' title='bbox 672 2014 807 2078; x_wconf 90' lang='lat' dir='ltr'>duorum</span> <span class='ocrx_word' id='word_1_132' title='bbox 856 2013 998 2093; x_wconf 91' lang='lat' dir='ltr'>priorum</span> <span class='ocrx_word' id='word_1_133' title='bbox 1046 2013 1195 2077; x_wconf 84' lang='lat' dir='ltr'>loliorum</span> <span class='ocrx_word' id='word_1_134' title='bbox 1240 2031 1383 2092; x_wconf 90' lang='lat' dir='ltr'>parvam</span> 
     </span>
     <span class='ocr_line' id='line_1_17' title="bbox 198 2119 1387 2201; baseline 0.003 -19"><span class='ocrx_word' id='word_1_135' title='bbox 198 2121 457 2184; x_wconf 90' lang='lat' dir='ltr'>membranarum</span> <span class='ocrx_word' id='word_1_136' title='bbox 494 2120 689 2201; x_wconf 86' lang='lat' dir='ltr'>particulam</span> <span class='ocrx_word' id='word_1_137' title='bbox 725 2120 900 2184; x_wconf 90' lang='lat' dir='ltr'>abscissam</span> <span class='ocrx_word' id='word_1_138' title='bbox 939 2139 1023 2201; x_wconf 79' lang='lat' dir='ltr'>esse,</span> <span class='ocrx_word' id='word_1_139' title='bbox 1060 2121 1108 2184; x_wconf 86' lang='lat' dir='ltr'>ita</span> <span class='ocrx_word' id='word_1_140' title='bbox 1143 2130 1179 2183; x_wconf 92' lang='lat' dir='ltr'>ut</span> <span class='ocrx_word' id='word_1_141' title='bbox 1215 2119 1387 2199; x_wconf 90' lang='lat' dir='ltr'>permulta</span> 
     </span>
     <span class='ocr_line' id='line_1_18' title="bbox 198 2223 1219 2308; baseline 0 -18"><span class='ocrx_word' id='word_1_142' title='bbox 198 2226 322 2291; x_wconf 89' lang='lat' dir='ltr'>scholia</span> <span class='ocrx_word' id='word_1_143' title='bbox 345 2228 385 2291; x_wconf 89' lang='lat' dir='ltr'>ad</span> <span class='ocrx_word' id='word_1_144' title='bbox 410 2228 591 2308; x_wconf 88' lang='lat' dir='ltr'>complures</span> <span class='ocrx_word' id='word_1_145' title='bbox 615 2228 727 2292; x_wconf 78' lang='lat' dir='ltr'>Aiams</span> <span class='ocrx_word' id='word_1_146' title='bbox 752 2246 868 2292; x_wconf 86' lang='lat' dir='ltr'>versus</span> <span class='ocrx_word' id='word_1_147' title='bbox 893 2227 1063 2308; x_wconf 87' lang='lat' dir='ltr'>deperdita</span> <span class='ocrx_word' id='word_1_148' title='bbox 1086 2223 1219 2308; x_wconf 81' lang='lat' dir='ltr'>sint.**)</span> 
     </span>
    </p>

    <p class='ocr_par' dir='ltr' id='par_1_3' title="bbox 195 2334 1387 3376">
     <span class='ocr_line' id='line_1_19' title="bbox 304 2334 1387 2416; baseline 0.002 -18"><span class='ocrx_word' id='word_1_149' title='bbox 304 2334 449 2414; x_wconf 87' lang='lat' dir='ltr'>Antiquo</span> <span class='ocrx_word' id='word_1_150' title='bbox 474 2343 580 2400; x_wconf 89' lang='lat' dir='ltr'>autem</span> <span class='ocrx_word' id='word_1_151' title='bbox 607 2340 751 2415; x_wconf 87' lang='lat' dir='ltr'>tempore</span> <span class='ocrx_word' id='word_1_152' title='bbox 775 2353 838 2415; x_wconf 88' lang='lat' dir='ltr'>quo</span> <span class='ocrx_word' id='word_1_153' title='bbox 863 2334 981 2398; x_wconf 92' lang='lat' dir='ltr'>codicis</span> <span class='ocrx_word' id='word_1_154' title='bbox 1001 2334 1028 2399; x_wconf 90' lang='lat' dir='ltr'><strong>G</strong></span> <span class='ocrx_word' id='word_1_155' title='bbox 1055 2335 1266 2416; x_wconf 88' lang='lat' dir='ltr'>archetypum</span> <span class='ocrx_word' id='word_1_156' title='bbox 1292 2353 1334 2400; x_wconf 85' lang='lat' dir='ltr'>cx</span> <span class='ocrx_word' id='word_1_157' title='bbox 1352 2336 1387 2400; x_wconf 90' lang='lat' dir='ltr'>L</span> 
     </span>
     <span class='ocr_line' id='line_1_20' title="bbox 198 2440 1386 2525; baseline 0.004 -22"><span class='ocrx_word' id='word_1_158' title='bbox 198 2440 329 2505; x_wconf 87' lang='lat' dir='ltr'>ductum</span> <span class='ocrx_word' id='word_1_159' title='bbox 354 2450 414 2525; x_wconf 89' lang='lat' dir='ltr'>est,</span> <span class='ocrx_word' id='word_1_160' title='bbox 439 2443 467 2506; x_wconf 90' lang='lat' dir='ltr'>L</span> <span class='ocrx_word' id='word_1_161' title='bbox 491 2442 654 2522; x_wconf 88' lang='lat' dir='ltr'>integrum</span> <span class='ocrx_word' id='word_1_162' title='bbox 679 2441 781 2506; x_wconf 85' lang='lat' dir='ltr'>fuisse</span> <span class='ocrx_word' id='word_1_163' title='bbox 801 2442 871 2506; x_wconf 88' lang='lat' dir='ltr'>veri</span> <span class='ocrx_word' id='word_1_164' title='bbox 889 2448 939 2506; x_wconf 87' lang='lat' dir='ltr'>est</span> <span class='ocrx_word' id='word_1_165' title='bbox 955 2441 1164 2505; x_wconf 88' lang='lat' dir='ltr'>simillimum.</span> <span class='ocrx_word' id='word_1_166' title='bbox 1199 2441 1386 2508; x_wconf 83' lang='lat' dir='ltr'>Praeterea</span> 
     </span>
     <span class='ocr_line' id='line_1_21' title="bbox 197 2547 1387 2630; baseline 0.003 -19"><span class='ocrx_word' id='word_1_167' title='bbox 197 2549 309 2612; x_wconf 91' lang='lat' dir='ltr'>multis</span> <span class='ocrx_word' id='word_1_168' title='bbox 333 2548 462 2612; x_wconf 88' lang='lat' dir='ltr'>indiciis</span> <span class='ocrx_word' id='word_1_169' title='bbox 486 2550 569 2612; x_wconf 89' lang='lat' dir='ltr'>satis</span> <span class='ocrx_word' id='word_1_170' title='bbox 593 2557 681 2612; x_wconf 92' lang='lat' dir='ltr'>certo</span> <span class='ocrx_word' id='word_1_171' title='bbox 708 2548 816 2630; x_wconf 82' lang='lat' dir='ltr'>colligi</span> <span class='ocrx_word' id='word_1_172' title='bbox 842 2554 958 2630; x_wconf 85' lang='lat' dir='ltr'>potest,</span> <span class='ocrx_word' id='word_1_173' title='bbox 989 2547 1162 2626; x_wconf 88' lang='lat' dir='ltr'>quodiam</span> <span class='ocrx_word' id='word_1_174' title='bbox 1187 2547 1387 2614; x_wconf 86' lang='lat' dir='ltr'>Dindorfius</span> 
     </span>
     <span class='ocr_line' id='line_1_22' title="bbox 197 2654 1382 2736; baseline 0.003 -19"><span class='ocrx_word' id='word_1_175' title='bbox 197 2659 285 2720; x_wconf 87' lang='lat' dir='ltr'>recte</span> <span class='ocrx_word' id='word_1_176' title='bbox 307 2656 440 2736; x_wconf 84' lang='lat' dir='ltr'>monuit,</span> <span class='ocrx_word' id='word_1_177' title='bbox 465 2655 618 2719; x_wconf 85' lang='lat' dir='ltr'>Ioannem</span> <span class='ocrx_word' id='word_1_178' title='bbox 636 2655 778 2720; x_wconf 83' lang='lat' dir='ltr'>&#39;Pzetzeu</span> <span class='ocrx_word' id='word_1_179' title='bbox 802 2655 835 2718; x_wconf 93' lang='lat' dir='ltr'>in</span> <span class='ocrx_word' id='word_1_180' title='bbox 857 2654 1043 2734; x_wconf 85' lang='lat' dir='ltr'>redigendis</span> <span class='ocrx_word' id='word_1_181' title='bbox 1060 2654 1179 2718; x_wconf 89' lang='lat' dir='ltr'>codicis</span> <span class='ocrx_word' id='word_1_182' title='bbox 1196 2654 1225 2719; x_wconf 92' lang='lat' dir='ltr'><strong>G</strong></span> <span class='ocrx_word' id='word_1_183' title='bbox 1243 2655 1382 2721; x_wconf 89' lang='lat' dir='ltr'>scholiis</span> 
     </span>
     <span class='ocr_line' id='line_1_23' title="bbox 196 2761 1387 2845; baseline 0.004 -21"><span class='ocrx_word' id='word_1_184' title='bbox 196 2766 362 2825; x_wconf 88' lang='lat' dir='ltr'>versatum</span> <span class='ocrx_word' id='word_1_185' title='bbox 398 2779 477 2826; x_wconf 91' lang='lat' dir='ltr'>esse.</span> <span class='ocrx_word' id='word_1_186' title='bbox 537 2762 654 2840; x_wconf 89' lang='lat' dir='ltr'>Itaque</span> <span class='ocrx_word' id='word_1_187' title='bbox 689 2779 752 2825; x_wconf 89' lang='lat' dir='ltr'>non</span> <span class='ocrx_word' id='word_1_188' title='bbox 789 2762 943 2825; x_wconf 91' lang='lat' dir='ltr'>abhorret</span> <span class='ocrx_word' id='word_1_189' title='bbox 977 2780 997 2824; x_wconf 88' lang='lat' dir='ltr'>a</span> <span class='ocrx_word' id='word_1_190' title='bbox 1033 2761 1278 2845; x_wconf 81' lang='lat' dir='ltr'>probabilitate,</span> <span class='ocrx_word' id='word_1_191' title='bbox 1318 2763 1387 2829; x_wconf 85' lang='lat' dir='ltr'>illa</span> 
     </span>
     <span class='ocr_line' id='line_1_24' title="bbox 196 2867 1379 2950; baseline 0.002 -17"><span class='ocrx_word' id='word_1_192' title='bbox 196 2869 319 2933; x_wconf 90' lang='lat' dir='ltr'>scholia</span> <span class='ocrx_word' id='word_1_193' title='bbox 335 2874 449 2932; x_wconf 88' lang='lat' dir='ltr'>vetere</span> <span class='ocrx_word' id='word_1_194' title='bbox 470 2867 590 2932; x_wconf 88' lang='lat' dir='ltr'>codicis</span> <span class='ocrx_word' id='word_1_195' title='bbox 608 2867 647 2950; x_wconf 87' lang='lat' dir='ltr'>G,</span> <span class='ocrx_word' id='word_1_196' title='bbox 673 2886 756 2948; x_wconf 89' lang='lat' dir='ltr'>quae</span> <span class='ocrx_word' id='word_1_197' title='bbox 779 2868 858 2932; x_wconf 87' lang='lat' dir='ltr'>inL</span> <span class='ocrx_word' id='word_1_198' title='bbox 882 2886 946 2932; x_wconf 91' lang='lat' dir='ltr'>non</span> <span class='ocrx_word' id='word_1_199' title='bbox 969 2867 1193 2950; x_wconf 85' lang='lat' dir='ltr'>inveniuntur,</span> <span class='ocrx_word' id='word_1_200' title='bbox 1218 2869 1261 2933; x_wconf 87' lang='lat' dir='ltr'>ad</span> <span class='ocrx_word' id='word_1_201' title='bbox 1284 2870 1379 2935; x_wconf 90' lang='lat' dir='ltr'>illum</span> 
     </span>
     <span class='ocr_line' id='line_1_25' title="bbox 196 2974 1385 3057; baseline 0.003 -18"><span class='ocrx_word' id='word_1_202' title='bbox 196 2975 444 3057; x_wconf 89' lang='lat' dir='ltr'>grammaticum</span> <span class='ocrx_word' id='word_1_203' title='bbox 473 2974 644 3040; x_wconf 84' lang='lat' dir='ltr'>referenda</span> <span class='ocrx_word' id='word_1_204' title='bbox 668 2993 747 3040; x_wconf 88' lang='lat' dir='ltr'>esse.</span> <span class='ocrx_word' id='word_1_205' title='bbox 794 2976 876 3040; x_wconf 91' lang='lat' dir='ltr'>Nam</span> <span class='ocrx_word' id='word_1_206' title='bbox 900 2975 1028 3040; x_wconf 85' lang='lat' dir='ltr'>etiamsi</span> <span class='ocrx_word' id='word_1_207' title='bbox 1060 2974 1117 3039; x_wconf 90' lang='lat' dir='ltr'>ille</span> <span class='ocrx_word' id='word_1_208' title='bbox 1141 2977 1385 3057; x_wconf 85' lang='lat' dir='ltr'>grammaticus</span> 
     </span>
     <span class='ocr_line' id='line_1_26' title="bbox 195 3082 1381 3165; baseline 0 -17"><span class='ocrx_word' id='word_1_209' title='bbox 195 3082 400 3165; x_wconf 86' lang='lat' dir='ltr'>Byzantinus</span> <span class='ocrx_word' id='word_1_210' title='bbox 431 3082 534 3146; x_wconf 89' lang='lat' dir='ltr'>multa</span> <span class='ocrx_word' id='word_1_211' title='bbox 558 3100 711 3161; x_wconf 84' lang='lat' dir='ltr'>peruerse</span> <span class='ocrx_word' id='word_1_212' title='bbox 734 3083 879 3160; x_wconf 85' lang='lat' dir='ltr'>novavit,</span> <span class='ocrx_word' id='word_1_213' title='bbox 918 3091 1025 3147; x_wconf 87' lang='lat' dir='ltr'>tamen</span> <span class='ocrx_word' id='word_1_214' title='bbox 1050 3082 1131 3146; x_wconf 85' lang='lat' dir='ltr'>alios</span> <span class='ocrx_word' id='word_1_215' title='bbox 1155 3082 1256 3146; x_wconf 92' lang='lat' dir='ltr'>libros</span> <span class='ocrx_word' id='word_1_216' title='bbox 1279 3082 1381 3148; x_wconf 91' lang='lat' dir='ltr'>hodie</span> 
     </span>
     <span class='ocr_line' id='line_1_27' title="bbox 196 3188 1382 3272; baseline 0.001 -18"><span class='ocrx_word' id='word_1_217' title='bbox 196 3189 390 3270; x_wconf 86' lang='lat' dir='ltr'>deperditos,</span> <span class='ocrx_word' id='word_1_218' title='bbox 427 3207 468 3252; x_wconf 85' lang='lat' dir='ltr'>ex</span> <span class='ocrx_word' id='word_1_219' title='bbox 499 3189 617 3269; x_wconf 86' lang='lat' dir='ltr'>quibus</span> <span class='ocrx_word' id='word_1_220' title='bbox 648 3197 790 3254; x_wconf 86' lang='lat' dir='ltr'>veterem</span> <span class='ocrx_word' id='word_1_221' title='bbox 824 3189 1005 3254; x_wconf 90' lang='lat' dir='ltr'>doctrinam</span> <span class='ocrx_word' id='word_1_222' title='bbox 1036 3189 1168 3253; x_wconf 90' lang='lat' dir='ltr'>haurire</span> <span class='ocrx_word' id='word_1_223' title='bbox 1192 3188 1308 3272; x_wconf 87' lang='lat' dir='ltr'>potuit,</span> <span class='ocrx_word' id='word_1_224' title='bbox 1346 3191 1382 3255; x_wconf 86' lang='lat' dir='ltr'>ei</span> 
     </span>
     <span class='ocr_line' id='line_1_28' title="bbox 196 3294 838 3376; baseline 0.002 -16"><span class='ocrx_word' id='word_1_225' title='bbox 196 3302 326 3376; x_wconf 86' lang='lat' dir='ltr'>praesto</span> <span class='ocrx_word' id='word_1_226' title='bbox 351 3294 464 3376; x_wconf 84' lang='lat' dir='ltr'>fuisse,</span> <span class='ocrx_word' id='word_1_227' title='bbox 489 3295 650 3376; x_wconf 86' lang='lat' dir='ltr'>suspicari</span> <span class='ocrx_word' id='word_1_228' title='bbox 676 3295 838 3361; x_wconf 88' lang='lat' dir='ltr'>debemus.</span> 
     </span>
    </p>

    <p class='ocr_par' dir='ltr' id='par_1_4' title="bbox 194 3404 1383 4133">
     <span class='ocr_line' id='line_1_29' title="bbox 302 3404 1381 3486; baseline 0.001 -18"><span class='ocrx_word' id='word_1_229' title='bbox 302 3404 433 3469; x_wconf 91' lang='lat' dir='ltr'>Nullum</span> <span class='ocrx_word' id='word_1_230' title='bbox 472 3405 577 3468; x_wconf 88' lang='lat' dir='ltr'>adhuc</span> <span class='ocrx_word' id='word_1_231' title='bbox 598 3410 840 3486; x_wconf 19' lang='lat' dir='ltr'>&#39;argumentum</span> <span class='ocrx_word' id='word_1_232' title='bbox 882 3423 902 3467; x_wconf 88' lang='lat' dir='ltr'>a</span> <span class='ocrx_word' id='word_1_233' title='bbox 941 3404 1022 3468; x_wconf 92' lang='lat' dir='ltr'>viris</span> <span class='ocrx_word' id='word_1_234' title='bbox 1065 3404 1169 3469; x_wconf 90' lang='lat' dir='ltr'>doctis</span> <span class='ocrx_word' id='word_1_235' title='bbox 1210 3404 1381 3484; x_wconf 83' lang='lat' dir='ltr'>prolatum·</span> 
     </span>
     <span class='ocr_line' id='line_1_30' title="bbox 195 3511 1378 3594; baseline 0.002 -19"><span class='ocrx_word' id='word_1_236' title='bbox 195 3512 351 3594; x_wconf 86' lang='lat' dir='ltr'>videmus,</span> <span class='ocrx_word' id='word_1_237' title='bbox 382 3511 466 3590; x_wconf 93' lang='lat' dir='ltr'>quod</span> <span class='ocrx_word' id='word_1_238' title='bbox 490 3511 685 3575; x_wconf 87' lang='lat' dir='ltr'>sententiam</span> <span class='ocrx_word' id='word_1_239' title='bbox 711 3518 866 3591; x_wconf 89' lang='lat' dir='ltr'>nostram,</span> <span class='ocrx_word' id='word_1_240' title='bbox 898 3511 1039 3575; x_wconf 91' lang='lat' dir='ltr'>codicem</span> <span class='ocrx_word' id='word_1_241' title='bbox 1066 3511 1094 3576; x_wconf 90' lang='lat' dir='ltr'><strong>G</strong></span> <span class='ocrx_word' id='word_1_242' title='bbox 1118 3531 1158 3576; x_wconf 88' lang='lat' dir='ltr'>ex</span> <span class='ocrx_word' id='word_1_243' title='bbox 1181 3512 1209 3576; x_wconf 88' lang='lat' dir='ltr'>L</span> <span class='ocrx_word' id='word_1_244' title='bbox 1233 3529 1296 3576; x_wconf 89' lang='lat' dir='ltr'>uno</span> <span class='ocrx_word' id='word_1_245' title='bbox 1323 3513 1378 3577; x_wconf 91' lang='lat' dir='ltr'>vel</span> 
     </span>
     <span class='ocr_line' id='line_1_31' title="bbox 195 3617 1383 3700; baseline 0.001 -18"><span class='ocrx_word' id='word_1_246' title='bbox 195 3618 415 3698; x_wconf 92' lang='lat' dir='ltr'>compluribus</span> <span class='ocrx_word' id='word_1_247' title='bbox 460 3618 659 3700; x_wconf 89' lang='lat' dir='ltr'>apographis</span> <span class='ocrx_word' id='word_1_248' title='bbox 698 3618 880 3682; x_wconf 87' lang='lat' dir='ltr'>interiectis</span> <span class='ocrx_word' id='word_1_249' title='bbox 919 3617 1092 3682; x_wconf 89' lang='lat' dir='ltr'>deductum</span> <span class='ocrx_word' id='word_1_250' title='bbox 1133 3637 1204 3684; x_wconf 92' lang='lat' dir='ltr'>esse</span> <span class='ocrx_word' id='word_1_251' title='bbox 1241 3617 1383 3686; x_wconf 89' lang='lat' dir='ltr'>refutet..</span> 
     </span>
     <span class='ocr_line' id='line_1_32' title="bbox 195 3724 1376 3807; baseline 0.003 -18"><span class='ocrx_word' id='word_1_252' title='bbox 195 3724 299 3807; x_wconf 80' lang='lat' dir='ltr'>eram</span> <span class='ocrx_word' id='word_1_253' title='bbox 335 3732 408 3790; x_wconf 89' lang='lat' dir='ltr'>arta</span> <span class='ocrx_word' id='word_1_254' title='bbox 442 3731 551 3790; x_wconf 86' lang='lat' dir='ltr'>autem</span> <span class='ocrx_word' id='word_1_255' title='bbox 587 3725 828 3790; x_wconf 88' lang='lat' dir='ltr'>necessitudine</span> <span class='ocrx_word' id='word_1_256' title='bbox 856 3726 884 3789; x_wconf 90' lang='lat' dir='ltr'>L</span> <span class='ocrx_word' id='word_1_257' title='bbox 915 3731 948 3790; x_wconf 90' lang='lat' dir='ltr'>et</span> <span class='ocrx_word' id='word_1_258' title='bbox 979 3724 1008 3791; x_wconf 91' lang='lat' dir='ltr'><strong>G</strong></span> <span class='ocrx_word' id='word_1_259' title='bbox 1036 3727 1241 3806; x_wconf 88' lang='lat' dir='ltr'>cohaereant,</span> <span class='ocrx_word' id='word_1_260' title='bbox 1279 3725 1376 3792; x_wconf 90' lang='lat' dir='ltr'>docet</span> 
     </span>
     <span class='ocr_line' id='line_1_33' title="bbox 194 3830 1381 3915; baseline 0.003 -19"><span class='ocrx_word' id='word_1_261' title='bbox 194 3850 313 3912; x_wconf 88' lang='lat' dir='ltr'>magua</span> <span class='ocrx_word' id='word_1_262' title='bbox 345 3832 479 3896; x_wconf 92' lang='lat' dir='ltr'>duorum</span> <span class='ocrx_word' id='word_1_263' title='bbox 510 3833 665 3896; x_wconf 93' lang='lat' dir='ltr'>librorum</span> <span class='ocrx_word' id='word_1_264' title='bbox 698 3832 732 3896; x_wconf 91' lang='lat' dir='ltr'>iu</span> <span class='ocrx_word' id='word_1_265' title='bbox 756 3831 844 3896; x_wconf 86' lang='lat' dir='ltr'>veris</span> <span class='ocrx_word' id='word_1_266' title='bbox 868 3833 957 3896; x_wconf 90' lang='lat' dir='ltr'>etin</span> <span class='ocrx_word' id='word_1_267' title='bbox 981 3830 1075 3898; x_wconf 87' lang='lat' dir='ltr'>falsis</span> <span class='ocrx_word' id='word_1_268' title='bbox 1103 3833 1275 3915; x_wconf 89' lang='lat' dir='ltr'>scripturis</span> <span class='ocrx_word' id='word_1_269' title='bbox 1299 3852 1381 3899; x_wconf 91' lang='lat' dir='ltr'>con·-</span> 
     </span>
     <span class='ocr_line' id='line_1_34' title="bbox 194 3939 1376 4023; baseline 0.003 -19"><span class='ocrx_word' id='word_1_270' title='bbox 194 3939 311 4023; x_wconf 83' lang='lat' dir='ltr'>sensio,</span> <span class='ocrx_word' id='word_1_271' title='bbox 349 3957 431 4019; x_wconf 89' lang='lat' dir='ltr'>quae</span> <span class='ocrx_word' id='word_1_272' title='bbox 461 3939 525 4003; x_wconf 88' lang='lat' dir='ltr'>iam</span> <span class='ocrx_word' id='word_1_273' title='bbox 550 3959 569 4003; x_wconf 87' lang='lat' dir='ltr'>a</span> <span class='ocrx_word' id='word_1_274' title='bbox 594 3941 706 4020; x_wconf 89' lang='lat' dir='ltr'>Lipsio</span> <span class='ocrx_word' id='word_1_275' title='bbox 733 3939 767 4004; x_wconf 92' lang='lat' dir='ltr'>in</span> <span class='ocrx_word' id='word_1_276' title='bbox 793 3939 909 4020; x_wconf 91' lang='lat' dir='ltr'>Oedipi</span> <span class='ocrx_word' id='word_1_277' title='bbox 933 3940 1009 4021; x_wconf 83' lang='lat' dir='ltr'>Tyr.</span> <span class='ocrx_word' id='word_1_278' title='bbox 1032 3941 1184 4006; x_wconf 87' lang='lat' dir='ltr'>versibus</span> <span class='ocrx_word' id='word_1_279' title='bbox 1216 3940 1376 4007; x_wconf 90' lang='lat' dir='ltr'>trecentis</span> 
     </span>
     <span class='ocr_line' id='line_1_35' title="bbox 194 4045 1382 4133; baseline 0.003 -23"><span class='ocrx_word' id='word_1_280' title='bbox 194 4047 359 4128; x_wconf 89' lang='lat' dir='ltr'>prioribus</span> <span class='ocrx_word' id='word_1_281' title='bbox 382 4046 545 4126; x_wconf 86' lang='lat' dir='ltr'>explicata</span> <span class='ocrx_word' id='word_1_282' title='bbox 570 4047 727 4128; x_wconf 88' lang='lat' dir='ltr'>exemplis</span> <span class='ocrx_word' id='word_1_283' title='bbox 748 4047 885 4111; x_wconf 87' lang='lat' dir='ltr'>aliarum</span> <span class='ocrx_word' id='word_1_284' title='bbox 902 4045 1086 4112; x_wconf 85' lang='lat' dir='ltr'>fabularum</span> <span class='ocrx_word' id='word_1_285' title='bbox 1103 4049 1156 4113; x_wconf 91' lang='lat' dir='ltr'>hic</span> <span class='ocrx_word' id='word_1_286' title='bbox 1172 4048 1382 4133; x_wconf 58' lang='lat' dir='ltr'>ostendatum</span> 
     </span>
    </p>
   </div>
   <div class='ocr_carea' id='block_1_3' title="bbox 241 4221 1298 4382">
    <p class='ocr_par' dir='ltr' id='par_1_5' title="bbox 241 4221 1298 4382">
     <span class='ocr_line' id='line_1_36' title="bbox 256 4221 1298 4291; baseline 0.001 -15"><span class='ocrx_word' id='word_1_287' title='bbox 256 4221 282 4288; x_wconf 85' lang='lat'>*)</span> <span class='ocrx_word' id='word_1_288' title='bbox 302 4224 328 4276; x_wconf 92' lang='lat' dir='ltr'>in</span> <span class='ocrx_word' id='word_1_289' title='bbox 349 4224 574 4277; x_wconf 86' lang='lat' dir='ltr'>commentatione</span> <span class='ocrx_word' id='word_1_290' title='bbox 593 4239 614 4278; x_wconf 89' lang='lat' dir='ltr'>s.</span> <span class='ocrx_word' id='word_1_291' title='bbox 632 4223 650 4276; x_wconf 96' lang='lat' dir='ltr'>l.</span> <span class='ocrx_word' id='word_1_292' title='bbox 670 4224 825 4291; x_wconf 84' lang='lat' dir='ltr'>„Kritische</span> <span class='ocrx_word' id='word_1_293' title='bbox 844 4223 898 4276; x_wconf 91' lang='lat' dir='ltr'>und</span> <span class='ocrx_word' id='word_1_294' title='bbox 917 4223 1107 4291; x_wconf 85' lang='lat' dir='ltr'>palaeograph.</span> <span class='ocrx_word' id='word_1_295' title='bbox 1127 4224 1211 4279; x_wconf 88' lang='lat' dir='ltr'>Beitr.</span> <span class='ocrx_word' id='word_1_296' title='bbox 1231 4224 1298 4278; x_wconf 89' lang='lat' dir='ltr'>ect.“</span> 
     </span>
     <span class='ocr_line' id='line_1_37' title="bbox 241 4312 849 4382; baseline 0 -15"><span class='ocrx_word' id='word_1_297' title='bbox 241 4312 283 4379; x_wconf 82' lang='grc'>**)</span> <span class='ocrx_word' id='word_1_298' title='bbox 303 4314 481 4382; x_wconf 67' lang='lat' dir='ltr'>Pspugeorg„</span> <span class='ocrx_word' id='word_1_299' title='bbox 501 4312 564 4366; x_wconf 84' lang='lat' dir='ltr'>Ood.</span> <span class='ocrx_word' id='word_1_300' title='bbox 584 4313 665 4367; x_wconf 83' lang='lat' dir='ltr'>Laur.</span> <span class='ocrx_word' id='word_1_301' title='bbox 686 4329 710 4381; x_wconf 93' lang='lat' dir='ltr'>p.</span> <span class='ocrx_word' id='word_1_302' title='bbox 729 4315 849 4379; x_wconf 76' lang='lat' dir='ltr'>tulsqq.</span> 
     </span>
    </p>
   </div>
   <div class='ocr_carea' id='block_1_4' title="bbox 0 0 1486 4890">
    <p class='ocr_par' dir='ltr' id='par_1_6' title="bbox 0 0 1486 4890">
     <span class='ocr_line' id='line_1_38' title="bbox 0 0 1486 4890; baseline 0 1"><span class='ocrx_word' id='word_1_303' title='bbox 0 0 1486 4890; x_wconf 95' lang='lat' dir='ltr'> </span> 
     </span>
    </p>
   </div>
  </div>
 </body>
</html>
