2964 4890
597 289 816 350 ..49-

76 499 79 504 ·
106 480 208 564 uitia,
234 498 318 561 quae
332 482 361 547 L
377 482 522 563 praehet,
546 478 604 546 331
628 480 726 546 etlam
751 481 823 547 aliis
846 480 940 546 novis
963 481 1092 545 laborat
1115 479 1289 563 erroribus,

108 602 196 669 quos
225 603 416 654 enumerare
446 588 578 670 longum
609 594 669 653 est.
719 569 837 668 ltaque
864 603 974 654 omnes
1005 586 1068 652 viri
1099 576 1184 652 docti
1216 601 1291 651 con·

107 697 271 777 sentiunt,
307 695 395 760 iuter
418 694 544 760 codices
569 695 764 775 Sophocleos
786 694 863 759 huic
887 695 969 759 libro
992 707 1063 761 cum
1088 697 1197 759 aetate
1220 697 1290 758 tum

116 803 262 870 bonitate
285 799 461 867 secundum
486 807 561 882 post
584 801 612 866 L
635 800 739 866 locum
764 801 971 868 tribuendum
996 818 1078 868 esse.

291 1151 353 1252 Do
387 1148 542 1253 codice
574 1046 883 1253 Lauigntiano
916 1163 988 1252 125
1023 1152 1110 1275 (u).

224 1318 332 1383 Codex
356 1316 430 1381 olim
456 1317 673 1383 bibliothecae
697 1317 849 1383 abbatiae
871 1315 1088 1382 Florentiuae·
1110 1313 1165 1403 [no
1190 1311 1290 1400 2725]

107 1426 210 1491 hodie
226 1426 258 1491 iu
277 1424 472 1489 bibliotheca
488 1423 711 1489 Laurentiano
727 1431 916 1489 asservatus
940 1419 994 1508 [no
1014 1419 1089 1509 125]
1113 1422 1290 1489 secundum

108 1532 385 1613 :subscriptionem
410 1533 452 1595 ab
476 1531 663 1613 Augustino
687 1530 804 1595 clerico
828 1530 966 1610 quodam
992 1535 1123 1595 31281
1148 1530 1291 1611 scriptus

107 1646 175 1706 est.
204 1639 437 1720 Complectitur
449 1638 592 1722 Aiacem,
607 1638 782 1720 Electram,
797 1637 955 1717 Oedipum
968 1638 1054 1719 Tyn,
1066 1638 1291 1703 Philoctetam.

111 1748 271 1829 Primum,
296 1755 333 1811 ut
355 1746 497 1828 videtur,
523 1744 727 1809 aDindorfio
743 1744 776 1808 in
795 1763 887 1809 usum
904 1751 1042 1809 vocatus
1058 1749 1119 1826 331,
1144 1745 1198 1825 qui
1221 1745 1292 1809 eius

115 1855 272 1920 lectiones
287 1853 321 1917 in
339 1851 439 1933 praei.
456 1852 612 1917 editionis
629 1846 717 1931 Lips.
733 1870 761 1914 a.
782 1854 865 1916 1825
883 1851 1073 1935 publicavit.
1097 1851 1293 1917 Accuratius

109 1961 233 2026 deinde
256 1961 296 2025 ab
320 1961 359 2024 H.
385 1959 528 2024 Hiuckio
551 1959 584 2022 in
608 1957 799 2023 Electram
824 1958 860 2024 Ο.
879 1957 993 2024 Jahnii
1019 1976 1111 2024 usum
1135 1975 1292 2022 33333333

111 2075 176 2135 cst.
222 2067 385 2132 Hinckius
409 2067 492 2132 euim
518 2064 642 2146 primus
666 2066 846 2146 complures
878 2083 992 2130 manus
1022 2065 1056 2129 13
1085 2065 1193 2130 331133
1221 2082 1292 2129 vcr-

116 2184 207 2242 satas
243 2173 414 2238 discrevit:
455 2172 590 2253 primam
627 2190 772 2254 manum,
812 2190 895 2253 quac
929 2174 1030 2237 verba
1070 2179 1186 2252 poetae
1220 2189 1292 2236 cum

115 2281 249 2348 scholiis
278 2280 428 2345 exaravit
456 2276 512 2365 [G]
544 2279 728 2359 multosque
756 2279 867 2359 lapsus
892 2279 1008 2343 calami
1037 2278 1180 2344 correxit
1206 2274 1291 2365 [G1]‚

120 2390 228 2455 varias
259 2388 377 2454 deinde
408 2405 522 2452 manus
553 2386 711 2452 distinctu
743 2386 902 2468 1111131133,
938 2404 1023 2465 3333
1047 2386 1144 2465 primi
1167 2386 1292 2451 librarii

110 2515 244 2561 errores
290 2495 547 2561 emendaverunt
592 2501 626 2560 ct
664 2493 837 2558 nonnullas
884 2493 993 2558 varias
1040 2493 1195 2558 lectiones
1238 2493 1293 2558 ad·

116 2603 319 2683 scripserunt
355 2599 440 2689 [G²],
478 2621 608 2667 manum
642 2601 782 2680 denique
816 2600 1086 2685 recentissimam,
1122 2618 1205 2681 quae
1239 2600 1293 2665 hic

115 2709 184 2773 11113
207 2728 311 2790 pauca
333 2709 475 2775 mutavit
499 2705 579 2795 [93].
626 2706 718 2790 Quae
742 2726 894 2772 manuum
920 2708 1087 2772 distinctio
1111 2708 1293 2773 necessario

108 2833 198 2894 opus
222 2823 272 2881 est
291 2816 331 2880 ad
348 2817 475 2896 plenam
493 2815 612 2880 codicis
629 2814 847 2897 cognitionem
864 2822 963 2895 atque
979 2815 1022 2879 ad
1038 2814 1292 2898 diiudicandum,

108 2940 181 3003 -qua
216 2920 342 2986 ratione
375 2922 431 2987 ille
466 2941 537 2988 cum
573 2922 648 2987 aliis
682 2922 784 3005 libris,
820 2922 978 3002 imprimis
1014 2939 1084 2986 cum
1120 2920 1229 2986 codice
1264 2922 1292 2986 L

108 3028 298 3093 cohaereat.
349 3028 431 3093 Nam
464 3030 707 3112 correctionem,
743 3029 770 3093 31
795 3029 881 3095 aGi
905 3030 960 3094 vel
987 3029 1031 3095 Gi
1056 3028 1177 3094 factam
1201 3028 1292 3093 inve·

107 3134 271 3215 norimus,
288 3152 352 3199 uon
366 3153 406 3199 33
420 3145 531 3201 vetere
547 3136 716 3201 autetiam
729 3136 908 3202 vetustiore
924 3154 1018 3217 quam
1033 3135 1291 3200 Laurentiauum

115 3241 152 3307 L.
176 3242 353 3322 exemplari
377 3243 538 3324 haustam,
567 3243 625 3308 331
649 3243 720 3308 sive
743 3243 1029 3324 grammaticorum
1052 3242 1196 3308 inventis
1220 3242 1292 3307 sive

113 3347 323 3414 inferioribus
346 3349 543 3430 apographis
566 3348 774 3415 tribuendam
800 3367 872 3414 esse
895 3349 1166 3415 existimabimus.
1200 3347 1293 3431 Quae

105 3473 167 3520 res
199 3458 240 3521 ah
270 3457 308 3520 A.
338 3455 496 3537 Seyfferto
531 3456 565 3520 in
601 3457 671 3521 eius
706 3456 938 3521 dissertatione
973 3475 1107 3538 prorsus
1141 3457 1293 3537 neglecta

116 3562 217 3643 digna
233 3562 375 3643 videtur,
401 3581 498 3643 quam
521 3563 743 3644 respiciamus.
782 3563 964 3628 Dolendum
989 3570 1096 3629 autem
1121 3570 1181 3645 331,
1207 3563 1292 3643 quod

107 3668 193 3748 quid
225 3682 439 3749 unaquaeque
470 3688 585 3735 manus
616 3671 794 3754 scripserit,
831 3670 866 3734 in
890 3671 1023 3735 Electra
1049 3671 1119 3736 sola
1142 3670 1291 3735 novimus

106 3780 148 3839 -et
172 3774 213 3839 de
237 3775 312 3840 olils
336 3774 460 3841 fabulis
483 3786 638 3842 accurata
661 3777 835 3842 collatione
859 3795 1013 3842 33333133.

222 3882 273 3947 De
285 3881 395 3969 codice
407 3882 437 3946 G
449 3887 518 3948 tres
534 3884 872 3950 33313313331331133.
895 3882 1044 3967 Diodori,
1059 3884 1101 3948 M.
1114 3880 1291 3963 Seyffert*)

23 4036 26 4040 .
105 3988 235 4070 aliique
257 3989 349 4054 illum
379 4008 420 4054 ex
443 3990 471 4054 L
493 3991 547 4056 vel
571 4009 611 4055 33
635 3991 705 4056 3133
729 3992 916 4073 apographo
945 3991 1053 4072 aliquo
1079 3988 1292 4070 repetendum

105 4113 186 4163 «esse
218 4096 375 4163 13113331
430 4097 565 4177 Lipsius
597 4105 656 4162 aut
688 4116 729 4163 33
761 4098 872 4163 eodem
906 4114 945 4163 ac
975 4096 1235 4162 Laurentianum
1263 4095 1292 4161 L

176 4273 202 4337 *)
221 4273 250 4326 13
269 4272 432 4328 editionibus
451 4274 516 4330 suis.
