2964 4890
673 325 894 384 ...56-

188 513 304 592 κλόων,
341 515 425 594 quod
449 514 513 578 iam
539 516 701 580 Canterius
724 515 907 581 coniecerat
930 522 1045 598 postca
1067 516 1237 582 inventum·
1259 521 1310 580 est
1333 515 1370 579 in

189 624 359 690 Gnatvt
420 622 459 686 In
498 623 528 688 G
567 617 688 695 κλύζων
728 623 985 704 superscriptum
1025 630 1083 688 est.
1125 619 1128 707 Ι
1170 621 1252 687 Phil.
1293 627 1369 685 772.

189 731 218 795 L
253 733 389 811 μεθεῑνε
422 748 479 810 pro
514 732 672 808 μεθεῖναι
706 731 836 795 exhibet
871 737 905 794 et
940 749 1011 795 cum
1047 731 1077 795 R
1110 732 1214 792 ταῦτα
1249 729 1370 793 omisit.

188 838 309 905 Omnes
344 838 412 902 rell.
445 837 535 901 codd.
572 855 682 902 veram
717 838 886 902 lectionem
923 840 1081 915 patainei
1116 837 1248 917 habent,
1285 854 1370 916 quae

188 945 345 1010 facillime
368 964 409 1010 ox
433 944 702 1025 praecedentibus
727 944 837 1009 verbis
861 944 931 1009 erui
955 951 1093 1025 poterat.

297 1071 481 1135 Permultas
505 1070 672 1148 lectiones
698 1089 779 1150 quas
806 1074 842 1134 Α.
860 1069 1002 1151 Seyffert
1025 1070 1066 1133 ad
1092 1069 1253 1134 diversam
1277 1071 1319 1132 ab
1341 1068 1371 1133 L

189 1179 349 1262 originem
367 1177 487 1242 codicis
504 1178 533 1243 G
550 1177 833 1242 demonstrandam
855 1176 958 1259 affert,
984 1195 1053 1241 eam
1072 1177 1137 1243 vim
1154 1194 1219 1240 non
1234 1177 1370 1258 habere,

188 1288 286 1353 etiam
312 1285 445 1365 Lipsius
470 1294 503 1349 et
526 1279 667 1349 Kvihala
691 1284 881 1365 concedunt,
906 1303 1099 1364 qunanrquam
1125 1302 1251 1348 summa
1274 1282 1308 1346 in
1334 1301 1370 1348 re

189 1394 324 1459 eandem
350 1391 420 1457 fere
444 1400 542 1471 atque
566 1393 604 1457 A.
630 1391 771 1472 Seyffert
798 1393 992 1456 sententiam
1019 1392 1158 1471 amplexi
1183 1397 1268 1455 sunt.
1315 1391 1370 1454 Ita

188 1501 274 1567 euim
299 1506 507 1578 comparatae
531 1506 617 1581 suunt,
644 1506 680 1563 nt
703 1499 744 1562 ad
769 1517 879 1564 veram
904 1499 1099 1578 scripturam
1124 1498 1207 1562 exL
1229 1497 1370 1562 lectione

187 1607 378 1672 eliciendam
405 1624 613 1686 nonmagna
641 1607 823 1687 sagacitate
851 1624 933 1687 opus
956 1603 1066 1670 fuerit.
1098 1602 1281 1669 ⁴Eiusmodi
1304 1602 1368 1667 loci

188 1722 296 1779 autem
321 1704 469 1777 hi'sunt:
495 1711 556 1776 Αἰ.
575 1719 649 1777 469.
674 1707 892 1795 εόφραίναιμι
909 1713 946 1796 Ιι,
972 1706 1175 1795 εόφραναιμι
1191 1711 1252 1776 GA
1278 1711 1335 1776 alii
1362 1706 1366 1795 Ι

188 1827 264 1885 493.
294 1804 314 1906 ᾗ
346 1814 574 1902 σνναλλόχθης
609 1821 657 1899 Ll,
693 1803 730 1897 ἧς
762 1815 987 1904 σανηλλαίχθης
1017 1820 1058 1901 Α,
1092 1803 1114 1906 ᾗ
1143 1814 1368 1903 σννηλλόχθης

188 1937 277 1993 recto
302 1928 373 1993 Ge.
412 1923 415 2008 Ι
454 1932 526 1990 021.
562 1922 651 1988 ἔπεδ
688 1922 804 1988 ἔπεσεν
839 1927 896 1990 LA
933 1933 967 1992 et
1002 1927 1080 2006 pler.
1110 1926 1209 2009 codd,
1250 1925 1367 1991 deindo

187 2035 341 2114 μελέ*νις
375 2035 411 2098 L.
470 2037 487 2096 ε’
521 2052 561 2097 ex
597 2053 628 2094 ει
663 2030 759 2098 facto.
806 2029 894 2096 ἔπεσ
932 2029 1029 2096 ἔπεσε
1069 2030 1183 2119 [recte]
1219 2031 1369 2112 μελαίοις

189 2137 386 2229 [perperam]
406 2141 444 2231 G.
470 2139 474 2227 Ι
501 2147 574 2205 057.
590 2134 732 2223 Ἀνρείδα
748 2142 785 2223 L,
811 2134 967 2223 Ἀνρείδας
985 2148 1074 2205 recte
1091 2142 1129 2206 A.
1153 2135 1367 2222 μαθησόμεθ

191 2246 387 2336 [perperam]
424 2240 578 2331 Ἀιρείδας
606 2249 644 2314 tl.
681 2245 685 2325 Ι
726 2255 788 2312 703
820 2241 903 2332 ἁνὴρ
930 2255 1036 2319 κεῖνος
1068 2247 1274 2312 scribendum
1307 2256 1367 2312 est.

187 2351 272 2441 όνὴρ
296 2352 419 2426 ἐκεῖνος
442 2357 479 2437 L,
513 2359 605 2421 Am.
630 2376 676 2437 pr.
700 2347 784 2440 όνὴρ
808 2357 922 2426 ’κεῖνος
951 2355 988 2421 G.
1022 2350 1026 2439 Ι
1059 2351 1150 2433 ἄχεσι
1174 2355 1210 2418 L.
1257 2349 1368 2433 ἄχεσιν

188 2472 278 2529 recte
302 2464 404 2529 Gen.

296 2569 353 2634 El.
371 2576 422 2632 57.
438 2574 601 2650 φέροιμεν
617 2569 727 2633 LlAhl.
759 2573 909 2650 φέρωμεν
926 2568 965 2651 G,
991 2569 1075 2648 quod
1099 2569 1163 2633 iam
1181 2569 1368 2633 Brunokius

188 2678 390 2758 restituerat,
416 2676 602 2756 priusquam
622 2676 655 2739 in
674 2676 711 2740 G.
728 2675 896 2739 inventum
913 2682 972 2740 est.
998 2672 1002 2759 Ι
1030 2682 1079 2740 75.
1103 2666 1241 2758 α’νδρόσι
1256 2676 1367 2740 LlAE.

187 2778 347 2866 ἀνδράσιν
371 2782 409 2847 G.
442 2779 445 2868 Ι
483 2789 554 2846 295.
580 2778 684 2845 αἰτίαι
708 2782 767 2847 Ll.
814 2778 904 2845 αἰτία
928 2782 1028 2848 GAE.
1061 2780 1064 2868 Ι
1097 2787 1173 2848 491.
1197 2778 1306 2863 ἐρινῦς
1328 2783 1367 2862 Ιι,

179 2886 319 2975 ’ἐριννός
341 2897 463 2954 mutav.
487 2909 527 2954 m.
551 2897 629 2969 ant,
663 2885 793 2970 ἐριννός
816 2891 884 2956 ΑΕ.
909 2885 1018 2973 ἐρινύς
1042 2891 1079 2955 G.
1105 2885 1109 2974 Ι
1136 2896 1210 2954 514.
1235 2885 1368 2952 ἔλειπεν

189 3000 249 3064 LA
274 2998 429 3079 plerique,
455 2997 539 3076 quod
564 2995 694 3062 defendi
720 3004 839 3079 potest3
865 2993 980 3060 ἔλιπεν
1004 2998 1198 3079 GAAugc.
1223 2997 1366 3076 Mosqh,

189 3105 274 3169 Mon.
301 3111 374 3169 500.
407 3100 410 3189 Ι
446 3110 519 3168 859.
543 3098 667 3187 α’ρωγοί
689 3105 791 3169 LlAE
815 3105 942 3187 Suidas,
979 3098 1104 3187 ἀρωγαί
1129 3104 1262 3186 scholia,
1297 3104 1335 3169 G.
1362 3101 1365 3189 Ι

188 3212 226 3277 0.
250 3213 285 3277 T.
310 3218 383 3276 590.
409 3205 518 3282 αὐτοῖς
540 3212 568 3276 L
594 3208 672 3297 [uon
697 3203 822 3287 αὐτοὺς,
852 3219 888 3277 ut
912 3213 1066 3276 Duebner
1088 3209 1214 3297 reform,
1241 3205 1369 3274 αόνοῐσι

188 3319 228 3385 G.
254 3355 295 3364 -
320 3311 412 3381 ἅπαν
437 3320 465 3383 L
489 3319 558 3385 Pal.
583 3327 650 3383 tres
677 3319 789 3402 Vatic,
828 3311 947 3381 ἅπαντ’
972 3318 1172 3398 AEVMW,
1209 3321 1280 3380 πᾶν
1307 3318 1367 3385 lG.

189 3425 318 3491 Codicis
353 3427 380 3490 L
414 3426 585 3491 lectionem
622 3425 705 3490 nihil
743 3426 832 3491 aliud
868 3426 1054 3491 offensionis
1094 3426 1265 3492 habentem
1302 3426 1369 3491 nisi

190 3550 319 3600 versum
351 3533 399 3596 ita
431 3532 464 3596 in
496 3552 553 3598 sex
585 3541 696 3612 partes
728 3532 889 3616 dispertit,
925 3540 962 3597 ut
994 3533 1125 3613 singula
1158 3536 1260 3598 verba
1294 3551 1368 3599 cum

189 3658 305 3705 versus
329 3640 467 3719 pedihus
491 3640 673 3721 concidant,
698 3641 769 3705 iure
793 3646 1012 3720 aspernantur
1035 3640 1176 3705 editores
1200 3631 1309 3710 αὐτοῖς
1332 3640 1369 3704 in

191 3739 316 3808 αὐταῖσι
339 3746 558 3811 immutantes.
585 3744 589 3828 Ι
615 3746 650 3812 0.
675 3748 712 3811 Τ.
741 3751 824 3811 1030
848 3750 905 3808 σοῦ
928 3745 957 3809 δ’
982 3746 1012 3811 G
1037 3764 1131 3830 unus,
1167 3749 1225 3809 σοῦ
1248 3747 1274 3826 γ’
1296 3747 1368 3812 rell.

189 3853 280 3919 codd.
305 3854 388 3933 quod
414 3854 558 3935 Brunch,
582 3854 620 3920 G.
644 3855 822 3938 Hermann,
846 3854 990 3936 Blaydes
1014 3852 1203 3920 defendunt.

298 3977 397 4043 Phil.
423 3984 473 4043 23.
507 3975 597 4042 τόνδ’
631 3974 678 4047 ἵν’
709 3975 794 4065 ἄλλῃ
825 3980 861 4044 L.
907 3975 997 4041 τόνδ’
1027 3979 1050 4058 γ’
1075 3977 1131 4042 εἴτ’
1162 3975 1244 4064 ἄλλῃ
1272 3981 1299 4043 Α
1332 3986 1369 4044 et

190 4085 345 4167 plerique.
377 4083 433 4148 εἴτ’
457 4081 539 4171 ἄλλῃ
565 4086 696 4170 [omisso
719 4082 814 4150 τόνδε
830 4083 869 4172 γ’]
894 4087 932 4151 G.
964 4082 1054 4149 τόνδ’
1080 4082 1122 4149 ἔν’
1147 4084 1204 4149 εἴτ’
1228 4087 1369 4151 coniecit

191 4193 366 4258 Elmslcins
391 4193 558 4258 Diudorfio
582 4195 624 4259 Μ.
649 4193 808 4274 Seyfferto
833 4194 1048 4273 probantibus
1081 4191 1084 4278 Ι
1119 4199 1192 4258 200.
1223 4186 1304 4276 telin
1326 4193 1366 4276 L,

189 4304 272 4385 χρῆν
296 4320 368 4366 corr
392 4321 432 4366 m.
449 4321 505 4382 pr,
528 4305 609 4385 χρόν
632 4301 767 4384 Lchvt,
790 4302 927 4384 χρῆναφ’
950 4303 972 4385 l,
996 4304 1113 4385 χρῆναι
1136 4301 1198 4366 GA
1222 4297 1366 4386 aliique}
