2964 4890
715 344 939 405 ,14-

247 534 301 601 ,7.
331 533 389 599 De
413 534 572 600 scholiis
598 534 740 600 codicis
764 533 795 598 L
820 535 927 600 etde
951 554 1073 605 manu
1096 538 1270 602 secunda
1296 535 1390 624 [Βῆ.

284 667 287 674 ’
352 671 510 744 Versibus
545 680 660 758 poetae
692 677 807 743 madiis
842 679 875 742 in
909 679 1038 760 paginis
1072 681 1216 745 exaratis
1249 681 1336 745 haud
1371 681 1421 745 ita

239 788 345 852 multo
370 794 443 866 post
467 786 500 849 iu
525 791 681 871 quattuor
713 780 907 866 paginarum
931 782 1144 867 marginibus,
1180 796 1216 852 ut
1241 807 1340 867 supra
1364 807 1418 853 ex·

243 893 399 974 plicatum
439 899 503 973 est,
543 891 666 956 scholia
706 890 873 971 adscripta
911 898 988 957 sunt
1023 893 1101 974 alio,
1142 895 1246 974 magis
1281 904 1419 959 exacuto

243 1000 376 1082 calamo,
403 999 477 1082 alio,
503 998 561 1063 sed
586 1018 648 1063 non
674 998 776 1064 multo
801 994 929 1064 diverso
946 1006 1045 1078 atque
1061 1006 1171 1065 textus
1189 999 1416 1083 atramento*),

241 1106 426 1171 uncialibus
461 1105 600 1185 denique
635 1105 765 1183 litteris,
803 1105 993 1170 minusculis
1028 1107 1219 1187 saepissime
1252 1108 1424 1192 immixtis,

242 1215 333 1279 Haec
367 1213 544 1296 scriptura,
582 1231 677 1292 quam
713 1212 953 1277 semiuncialem
990 1213 1111 1279 (licere¹
1130 1214 1285 1296 solemus,
1322 1214 1419 1279 aliam

243 1339 371 1402 quoque
394 1320 523 1386 ferebat
555 1319 718 1385 scribendi
742 1320 911 1402 rationem,
949 1320 996 1384 ita
1027 1328 1063 1384 ut
1095 1328 1207 1385 textus
1240 1330 1274 1386 et
1297 1323 1419 1386 scholia

239 1429 382 1510 speciem
406 1429 583 1509 praebeant
608 1427 778 1492 diversam.
828 1427 957 1507 „Verba
986 1436 1101 1507 poetae
1111 1429 1138 1510 “,
1175 1435 1212 1493 ut
1242 1438 1331 1493 recte
1365 1431 1419 1494 ob·

240 1535 391 1601 servavit
406 1534 650 1600 Heimsoethius
676 1530 795 1620 [Epist.
811 1535 898 1599 Flor.
915 1555 944 1616 p.
965 1531 1029 1620 14],
1058 1536 1266 1616 „plerumque
1282 1538 1418 1603 liberius

239 1749 416 1830 hebetiore,
453 1749 576 1814 scholia
603 1749 726 1813 litteris
759 1748 878 1814 erectis
902 1756 935 1813 et
958 1751 1130 1833 separatis,
1166 1752 1289 1815 calamo
1313 1754 1419 1831 magis

240 1859 409 1922 exacuto.“
458 1855 575 1935 Itaque
606 1842 788 1919 mirandum
821 1874 884 1919 uon
917 1863 976 1933 est,
1013 1856 1101 1921 viros
1130 1857 1251 1939 doctos,
1289 1859 1418 1924 etiamsi

238 1963 283 2027 ad
315 1982 412 2028 unum
442 1981 552 2027 omues
583 1962 796 2044 arbitrantur,
835 1961 958 2027 scholia
985 1963 1020 2027 in
1052 1981 1162 2028 omnes
1195 1971 1262 2029 tras
1293 1976 1416 2049 poetas,

242 2070 443 2151 Sophoclem,
468 2069 676 2151 Aeschylum,
703 2069 920 2150 Apollonium,
947 2070 987 2133 ab
1012 2088 1076 2133 uno
1092 2070 1267 2150 eodemque
1284 2072 1419 2138 librario

239 2177 371 2262 adiecta
394 2195 475 2258 esse,
501 2183 610 2241 tamen
634 2176 774 2246 maxime
798 2174 983 2258 dissentire,
1009 2186 1117 2242 utrum
1142 2179 1317 2244 scholiasta
1333 2181 1417 2245 idem

241 2283 341 2350 fuerit
358 2293 456 2363 atque
473 2284 527 2364 qui
545 2290 669 2348 textum
687 2282 829 2364 scripsit,
853 2302 894 2347 an
920 2283 1013 2348 alius.
1053 2284 1116 2351 Sed
1142 2288 1291 2366 quamvis
1308 2307 1418 2354 omnes

241 2389 311 2458 fere
328 2392 392 2458 viri
409 2391 493 2456 docti
500 2392 546 2472 **)
563 2397 688 2455 textum
705 2398 739 2456 et
751 2390 874 2454 scholia
892 2390 1031 2456 diversis
1047 2391 1191 2459 librariis
1208 2395 1418 2459 attribuenda

241 2511 275 2564 et
299 2499 422 2565 scholia
454 2516 494 2561 ex
517 2498 582 2561 alio
613 2506 710 2577 atque
735 2515 775 2562 ex
798 2496 1014 2562 Laurentiani
1046 2499 1222 2581 archetypo
1255 2500 1418 2578 descripta

240 2625 314 2671 esse
349 2606 538 2686 opinentur,
574 2610 683 2668 tamen
719 2611 757 2669 ut
791 2605 870 2669 haec
905 2606 1069 2670 sententia
1104 2625 1182 2672 uera
1217 2606 1260 2668 sit
1293 2621 1416 2669 vereor.

242 2713 460 2779 Vehementer
491 2711 576 2776 enim
601 2718 722 2792 errant,
759 2711 814 2791 qui
847 2711 1054 2777 librariorum
1087 2729 1206 2776 morem
1238 2710 1306 2775 illis
1338 2716 1417 2774 tem·

240 2805 376 2902 poribus
415 2819 665 2884 usitatissimum
712 2817 902 2900 ignorantes
944 2819 1105 2900 iudicant,
1154 2837 1195 2883 ex
1233 2818 1418 2899 scripturae

241 2928 436 2993 diversitate
472 2926 654 2991 certissima
689 2926 799 3007 colligi
833 2944 938 3008 posse,
975 2927 1074 2991 alium
1109 2925 1281 2990 librarium
1316 2928 1418 2991 verba

241 3041 368 3116 poetae,
406 3034 504 3098 alium
539 3033 663 3098 scholia
698 3052 859 3099 exarasse.
909 3034 991 3098 Nam
1023 3034 1055 3098 in
1090 3033 1307 3114 compluribus
1344 3031 1418 3095 aliis

238 3143 383 3207 eiusdem
410 3140 531 3205 aetatis
556 3141 731 3223 codicibus,
768 3160 847 3222 quos
871 3143 912 3205 ab
936 3160 999 3206 uno
1024 3141 1158 3205 librario
1184 3140 1322 3218 scriptos
1347 3155 1418 3202 esse

242 3256 385 3330 constat,
426 3248 529 3313 veluti
568 3248 601 3311 in
641 3248 789 3313 Platonis
827 3249 978 3313 Parisino
1018 3249 1048 3312 A
1089 3243 1185 3332 [saec.
1225 3241 1270 3330 X]
1309 3251 1343 3308 et
1381 3244 1415 3308 iu

141 3404 145 3411 -
241 3357 474 3436 Aristophanis
499 3355 706 3420 celeberrimo
732 3356 813 3419 libro
837 3352 1097 3436 Ravennati&
1129 3349 1224 3437 [saec.
1248 3347 1311 3436 XI]
1344 3369 1417 3416 ean·

242 3464 314 3529 dem
351 3463 560 3527 litteraturae
598 3462 839 3543 diversitatem,
887 3469 1009 3526 textum
1056 3459 1247 3523 minusculis
1287 3458 1418 3540 litteris,

238 3570 365 3636 scholia
387 3569 579 3652 uncialibus,
605 3558 657 3635 vel
675 3575 712 3633 ut
728 3568 850 3633 rectius
867 3568 980 3651 dicam,
1005 3565 1270 3631 semiuncialibus
1294 3566 1417 3647 scripta

285 3729 454 3737 -W———a-

303 3816 331 3884 ¹¹¹)
350 3816 384 3869 cf.
398 3817 432 3870 H.
445 3817 515 3883 Keil,
535 3817 641 3870 Scholia
659 3816 687 3869 in
701 3814 836 3882 Apollonii
850 3813 1003 3881 Argonaut.
1015 3812 1044 3865 H
1063 3812 1157 3881 (1854)
1176 3830 1202 3882 p.
1215 3813 1418 3868 XLXXXVIII.

348 3905 376 3958 Ο.
396 3905 477 3958 Prien
495 3907 524 3959 in
542 3905 668 3971 Aeschyli
687 3904 792 3971 Septem
813 3902 853 3954 ed.
874 3901 906 3955 G.
922 3901 1201 3958 Hermann-Bitschel.
1221 3902 1306 3970 praef.
1325 3919 1350 3970 p.
1370 3902 1417 3956 XI.

288 4030 328 4098 **)
348 4031 382 4085 cf.
394 4032 551 4098 Bandinius,
569 4032 692 4099 catalog.
729 4031 765 4086 hl.
779 4030 873 4097 Haupt
891 4030 921 4083 in
939 4028 1023 4096 praei.
1036 4029 1070 4083 ad
1084 4029 1115 4083 G.
1130 4029 1279 4084 Hermanni
1292 4027 1419 4092 Aeschyli

348 4121 491 4175 editionem
512 4140 536 4189 p.
557 4121 590 4175 V.
610 4121 688 4174 Prien
708 4120 726 4174 l.
747 4137 768 4173 c.

236 4288 239 4293 .
270 4245 332 4311 ***)
351 4248 489 4314 Spectmen
512 4246 661 4312 scripturae
685 4245 765 4298 huius
789 4245 885 4298 codicis
906 4245 956 4298 Ad.
980 4245 1013 4298 de
1031 4243 1130 4297 Velsen
1149 4242 1278 4308 Equitum
1307 4238 1420 4294 editioni

348 4337 480 4390 adiunxit.
