2964 4890
690 334 914 394 ,44-

216 525 511 591 secundamus.
538 529 621 590 1416
655 524 745 590 facta
776 525 914 591 videtur.
959 524 1052 590 Illam
1087 526 1287 606 probabilem
1319 544 1402 592 esse

216 632 406 713 concedunt,
441 632 657 699 necessariam
697 651 767 697 esse
798 638 923 714 negant
951 637 984 696 'et
1008 627 1054 703 εἰς
1077 637 1177 712 μέσον
1209 632 1404 713 defendunt.

216 736 355 805 Kvidale
371 746 405 804 et
417 740 460 804 Μ.
473 738 582 821 Seyff.;
606 734 638 810 ἐς
654 732 754 802 καλὸν
770 740 1008 822 Wecklinus*),
1030 736 1136 810 αἰσίως
1153 740 1395 821 Semitelos**),

217 841 263 917 εἰς
277 841 395 928 καιρὸν
410 840 535 911 Nauck.
560 856 806 927 proposuerunt.
833 844 836 933 Ι
863 853 936 911 578.
953 844 1074 926 Αἵμων,
1100 848 1183 927 quod
1200 847 1229 912 L
1246 848 1392 928 praebet,

215 953 349 1036 Nauck,
373 953 415 1018 M.
432 952 537 1036 Seyii,
563 954 606 1018 M.
623 953 777 1018 Schmidt.
801 953 954 1035 retinent,
980 953 1052 1019 aliis
1075 953 1255 1019 editoribus
1273 938 1402 1032 Ainos,

214 1060 312 1125 lectio
336 1061 405 1125 rell.
427 1060 527 1142 cedd,
550 1060 637 1125 inter
661 1079 740 1140 ques
756 1063 796 1143 A,
821 1060 927 1143 magis
950 1060 1082 1141 placuit.
1108 1056 1112 1145 Ι
1138 1066 1212 1125 575.
1229 1055 1307 1139 ἐμοί
1321 1060 1400 1143 LF',

215 1166 287 1232 iure
322 1167 467 1232 defendit
499 1167 542 1231 M.
571 1167 720 1249 Seyffert,
757 1185 850 1247 quem
887 1174 1066 1247 sequnntur
1096 1167 1138 1232 M.
1167 1167 1322 1233 Schmidt.
1357 1172 1402 1231 et.

214 1274 238 1339 J
239 1275 320 1356 ebh,
340 1269 402 1354 ἔων
419 1275 449 1339 A
465 1280 498 1339 et
513 1275 583 1340 rell.
599 1274 688 1339 eodd.
723 1273 913 1338 Wecklinus
930 1273 1068 1339 coniecit
1083 1277 1188 1353 μένεν,
1206 1273 1403 1339 Meinekius-

215 1388 317 1463 κυρεῖ,
352 1381 475 1446 Nauck.
501 1376 606 1443 λύσων
642 1378 712 1468 [pro
735 1377 883 1466 παύσων]
908 1417 952 1427 -
975 1376 1083 1461 μόνος.
1121 1377 1125 1466 Ι
1164 1386 1236 1445 635.
1261 1403 1325 1460 μον
1350 1381 1398 1464 L,

215 1510 272 1568 μοι
296 1489 325 1553 Α
353 1497 387 1553 et
420 1495 495 1553 eett.
522 1489 611 1553 codd.
657 1488 760 1554 Recte
791 1488 871 1552 mihi
894 1488 937 1552 M.
961 1486 1102 1570 Seyffert
1133 1509 1199 1567 μον
1223 1506 1264 1552 ex
1287 1488 1315 1553 L
1340 1506 1401 1552 re·-

214 1613 348 1660 voeesse
370 1595 508 1660 videtur.
546 1593 549 1681 Ι
588 1601 661 1661 760.
685 1591 783 1675 ἄγαγε
806 1596 844 1679 L,
881 1597 966 1676 quod
996 1594 1118 1660 scholio
1147 1613 1273 1676 queque
1296 1611 1402 1674 prae--

214 1700 312 1766 fixum
337 1708 395 1767 est.
441 1698 535 1780 ἄγετε
560 1707 589 1768 Α
613 1711 646 1767 et
669 1703 738 1767 reli.
763 1702 864 1784 eodd.;
898 1699 955 1780 ἄγε
980 1721 1050 1767 cum
1085 1701 1205 1782 plurali
1233 1707 1404 1782 sequente·

214 1829 233 1872 a
263 1808 397 1874 Graecis
432 1810 580 1876 omnihus
615 1810 814 1889 temporibus
847 1809 925 1875 inde
959 1811 1000 1874 ab
1032 1809 1188 1874 Homero.
1206 1807 1403 1889 particulae-

213 1915 319 1980 instar
342 1912 389 2000 [=
407 1913 558 2002 agedum]
577 1917 718 1997 ponitur,
742 1917 790 1981 ita
807 1923 843 1982 ut
858 1912 959 1996 ἄγαγε
975 1936 1111 2000 quoque,
1130 1915 1213 1997 quod
1232 1915 1273 1979 Μ.
1291 1913 1397 1998 Seyff..

214 2040 255 2087 ex
286 2023 313 2088 L
347 2023 503 2105 restituit,
538 2042 650 2089 verum
687 2022 847 2088 videatur.
899 2024 937 2089 G.
966 2025 1140 2089 Hermann.
1150 2020 1215 2103 ***Ι
1250 2021 1403 2087 coniecit..

213 2125 262 2206 ἄγ’
276 2125 344 2209 ἄγε,
361 2131 444 2210 quod
458 2131 650 2196 Wecklinus
666 2131 828 2213 repetivit.
848 2127 851 2217 Ι
870 2137 945 2199 894.
962 2131 1158 2214 Φερσέφασα
1172 2130 1401 2214 ΜΜΜααεᾶ.α.,.

213 2239 414 2320 Περσέφασα
431 2238 501 2302 AM
518 2234 635 2324 ΙαοααΙ.
673 2239 808 2320 Nauck,
825 2239 957 2321 Bergk,
975 2239 1016 2304 M.
1033 2235 1138 2320 Seyff,
1161 2239 1203 2301 Μ.
1221 2236 1397 2322 Schmidt,

213 2343 308 2409 Jebb.
324 2343 448 2409 summo
469 2344 540 2409 iure
557 2347 585 2410 L
608 2345 802 2426 scripturam
826 2346 1051 2411 restituerunt.
1077 2342 1081 2430 Ι
1110 2351 1203 2421 1898.
1219 2343 1333 2431 λαβεῖν
1349 2346 1399 2430 L,

213 2469 277 2515 non
300 2447 470 2536 tuxeiu†),
497 2451 611 2532 λαβεῖν
634 2453 645 2517 l
672 2449 719 2538 Ιία
744 2453 889 2532 margine
911 2452 1022 2529 λαχεῖν
1038 2447 1159 2536 κρέονΙ,
1185 2454 1334 2535 ΚρέονΑ
1355 2459 1389 2519 et

213 2558 282 2621 rell.
307 2557 413 2638 rodd.;
447 2559 488 2622 M.
513 2559 611 2640 Seyff.
636 2567 668 2624 et
691 2559 786 2625 Jehb.
809 2558 921 2638 λαβεῖν
945 2577 985 2622 ex
1008 2558 1036 2622 L
1060 2559 1205 2623 retinent
1229 2560 1397 2639 probante-

214 2657 360 2729 Kvidala.
398 2660 402 2749 Ι
443 2667 535 2729 1238.
568 2661 645 2752 ῥονΙν
680 2666 877 2748 LlMAugh,
913 2660 1022 2748 πνοήν
1058 2666 1087 2730 Α
1123 2672 1157 2729 et
1191 2666 1260 2730 rell.
1295 2662 1379 2731 cedd.

213 2771 255 2836 M.
285 2769 394 2853 Seyff,
431 2772 565 2855 Nauck,
601 2773 642 2836 Μ.
672 2773 838 2856 Schmidt,
870 2772 964 2837 Jebb.
998 2779 1086 2838 reete
1121 2767 1198 2859 βοήν
1232 2773 1392 2854 retinent,

214 2877 360 2942 Dindorf.
380 2889 412 2941 et
428 2878 550 2958 Bergk.
573 2880 707 2944 alteram
735 2881 903 2945 lectionem
928 2881 1063 2963 malunt,
1090 2899 1172 2960 quae
1195 2880 1229 2943 in
1254 2878 1398 2944 scholiis-

212 3003 339 3065 quoque
362 2991 480 3064 exstat,
505 2986 592 3051 unde
615 2987 649 3051 in
672 2991 702 3053 A
726 2987 872 3068 aliosque
896 2987 997 3052 libros
1021 2987 1192 3051 transiisse
1217 2986 1355 3050 videtur.
1381 2981 1396 3071 Ι,

212 3091 285 3158 Oti.
311 3097 384 3156 381.
408 3093 609 3165 καθέξωνΜ
640 3101 673 3159 et
706 3114 815 3159 omnes
848 3095 937 3159 codd.
969 3101 1100 3174 praeter
1130 3112 1229 3158 unum
1254 3096 1293 3173 A,
1330 3092 1388 3171 qui

212 3200 359 3271 καθέξων
375 3199 515 3281 exhibet,
541 3201 625 3280 quod
650 3209 827 3280 praeeunte
842 3201 1008 3267 Brunckio
1033 3219 1144 3265 omnes
1161 3201 1228 3265 fere
1245 3199 1400 3264 editores.
1469 3204 1472 3211 ’

211 3306 246 3369 in
281 3313 405 3370 textum
435 3316 637 3387 receperunt.
692 3308 754 3372 Sed
782 3309 816 3373 in
848 3309 981 3373 seheliis
1012 3308 1135 3388 legitur
1167 3309 1319 3380 καθέξων
1354 3313 1389 3371 et

211 3413 354 3492 Bergkio
390 3417 422 3476 et
457 3413 605 3477 Nauekio
640 3415 816 3497 assentior,
865 3415 920 3496 qui
958 3416 1042 3479 hane
1082 3414 1254 3479 lectionem
1293 3432 1388 3495 prae·

211 3518 330 3584 ferunt.
378 3519 413 3582 Si
444 3537 556 3584 verum
589 3531 649 3604 est,
686 3522 769 3600 quod
802 3521 941 3588 Jehbius
973 3520 1084 3604 refert,
1121 3521 1209 3586 inA
1241 3523 1400 3593 καθέξον-

211 3644 251 3690 ex
296 3626 447 3698 καθέξων
493 3625 615 3692 factum
663 3647 749 3709 esse,
804 3637 942 3709 apparet
994 3628 1162 3710 vulgatam
1214 3618 1386 3693 lectionem

210 3733 360 3804 καθέξων
384 3751 404 3796 a
428 3732 560 3798 librario
589 3735 641 3798 vel
667 3735 878 3816 grammatico
906 3754 947 3800 ex
975 3735 1161 3800 coniectura
1183 3735 1217 3798 in
1242 3736 1400 3807 καθέξων

210 3843 368 3902 mutatam
393 3857 472 3904 esse.

272 4051 299 4120 *)
320 4052 372 4104 Ars
392 4051 470 4118 Soph.
490 4052 593 4106 emend.
613 4070 638 4120 p.
659 4055 684 4109 5.

255 4137 298 4204 **)
317 4140 345 4193 in
365 4141 428 4194 edit.
449 4141 543 4208 Antig.
563 4141 679 4195 Athenis
699 4144 776 4198 1885.
858 4152 860 4157 ’

241 4227 297 4298 W)
316 4232 382 4283 Ant.
403 4245 435 4282 ex
453 4245 504 4284 ree.
525 4229 658 4283 Erfurdtii
678 4232 718 4286 ed.
739 4233 769 4286 G.
789 4233 880 4286 Herm.
900 4249 925 4287 a.
945 4233 1024 4287 1823.

264 4319 297 4386 †)
317 4318 351 4373 ci.
370 4318 446 4385 Jebb,
465 4319 494 4371 in
513 4318 577 4372 edit.
596 4322 663 4372 Ant.
