2964 4890
594 312 888 401 -ω--4

114 536 192 596 308.
216 527 325 594 κᾶπυυ
350 533 418 616 LR,
454 535 512 596 καί
533 554 600 595 που
625 534 664 615 A,
700 534 848 594 καίπου
881 529 941 619 [γρ.
967 511 987 615 ἦ
1010 527 1090 617 που]
1114 531 1155 595 G.
1185 528 1295 616 1⁴414.

111 633 188 701 ἄλλ’
213 639 364 704 omissum
389 639 424 704 iu
447 640 476 704 L
499 640 655 705 exhibent
679 639 942 705 saveniaco.
989 639 1074 703 Num
1097 643 1221 703 rectum
1250 638 1296 704 sit

118 746 263 810 dubitari
310 745 395 811 licet.
456 746 578 826 Aptius
623 746 791 825 proposuit
829 747 871 812 M.
911 745 1050 828 Seyffert
1059 747 1087 826 ¹⁵)
1135 746 1296 824 probante

117 852 278 917 Naucklo:
314 856 383 924 πῶς
406 845 518 934 εἶπας;
553 836 657 935 drop
678 854 706 931 χ’
731 836 823 923 οὗτος
846 851 914 916 κυὲ.
947 850 951 938 l
984 847 1296 934 transpadanae

111 959 177 1024 LA
201 966 234 1024 et
257 960 336 1040 pler.
360 960 460 1042 codd,
485 956 690 1042 condonares
714 959 820 1025 avar.

226 1086 298 1149 Duo
321 1090 450 1148 restant
472 1083 544 1166 loci,
569 1084 604 1147 in
628 1083 776 1149 omnibus
801 1083 893 1148 libris
918 1101 1050 1163 prorsus
1074 1082 1228 1165 corrupti,
1260 1083 1294 1147 in

114 1191 238 1270 quibus
272 1191 393 1256 codicis
421 1190 451 1255 0
482 1209 609 1270 quoque
642 1190 739 1256 lectio
774 1206 914 1272 parvam·
944 1200 1002 1254 aunt
1036 1189 1157 1254 nullam
1194 1190 1294 1254 habet

118 1299 396 1379 probabilitatem:
422 1299 473 1362 Ai.
490 1303 563 1362 601.
588 1290 689 1360 Ἰδαῖα
705 1300 816 1377 μίμνω
832 1293 980 1376 λείμιόνί
996 1293 1134 1372 ἄποινα,
1158 1299 1270 1381 μηνῶν
1288 1293 1291 1382 l

50 1477 54 1483 ,
112 1400 305 1490 ἀνήριθμυς
328 1401 400 1467 αἰὲν
422 1399 555 1487 εόνόμφ
578 1402 636 1467 κυὲ
665 1405 711 1469 sic
738 1405 924 1470 emendavit
955 1405 1057 1468 locum
1087 1404 1292 1482 desperatum

118 1584 335 1648 Hermannus.
383 1578 473 1645 ίδαία
503 1584 634 1661 μίμνων
665 1538 823 1665 astruunt}
854 1537 954 1644 πυίυόι
978 1578 1089 1665 μήλων
1117 1628 1125 1644 .
1151 1629 1159 1645 .
1184 1537 1225 1646 .*.
1250 1627 1258 1644 .
1283 1629 1292 1646 .

113 1780 246 1846 LAPal.
277 1776 316 1866 [c.
340 1780 449 1859 glossa
471 1773 616 1864 υρωικῇ],
649 1778 660 1841 l
686 1775 754 1864 [qui
778 1774 917 1863 μίμνφ];
941 1813 984 1823 -
1007 1713 1134 1859 μίμνόόν
1158 1813 1201 1824 --
1225 1772 1294 1840 πόα

113 1924 162 1932 “-
194 1888 231 1952 G.
267 1881 368 1968 c'dac‘qe
398 1887 509 1966 μίμνω
532 1921 574 1930 -
600 1887 682 1967 ποίᾳ
714 1921 754 1930 —-
787 1885 879 1949 MMl.
917 1882 920 1970 l
958 1884 994 1950 Ο.
1017 1886 1053 1949 Τ.
1078 1889 1151 1949 200.
1181 1879 1240 1946 τὸν
1271 1867 1296 1945 ὦ

258 2015 275 2053 0

113 2074 297 2165 ,πυρφόρων
320 2082 358 2164 L,
396 2103 413 2141 o
446 2100 484 2145 m.
514 2078 576 2146 reo.
610 2099 779 2161 salpensem,
815 2075 1041 2164 πυρφόρυνΑ
1077 2079 1144 2154 alii,
1178 2082 1240 2141 υυῒν
1271 2063 1296 2140 ol

115 2183 299 2271 πυρφόρων
316 2189 354 2271 0,
380 2209 427 2270 γρ.
445 2182 562 2269 μικρὸν
579 2189 811 2270 superscripto,
837 2206 900 2267 quo
923 2180 1100 2270 πυρφόρον
1124 2185 1296 2251 indicatur.

27 2292 29 2297 ’
118 2297 290 2362 Librarius
313 2290 372 2357 τὸν
395 2295 429 2359 in
452 2296 513 2357 πᾶν
537 2295 679 2360 mutavit
709 2295 824 2358 calami
856 2294 960 2375 lapsu,
996 2300 1033 2358 ut
1056 2293 1195 2376 videtur,
1232 2312 1296 2357 uon

112 2404 289 2483 antiquum
324 2404 535 2482 archetypum
571 2411 713 2481 secutus,
750 2408 787 2465 ut
815 2403 853 2466 A.
882 2399 1020 2482 Seyii'crt
1055 2401 1217 2480 opinatur.
1253 2435 1296 2446 -

117 2510 285 2590 Syllabanr
334 2510 462 2590 longam
511 2509 623 2574 deesse
675 2509 769 2573 docet
814 2526 929 2573 versus
980 2507 1175 2588 antistroph.
1222 2510 1297 2572 213.

112 2616 295 2681 Hermann.
330 2616 435 2698 igitur
462 2617 580 2681 suuadet
607 2611 666 2677 τὸν
698 2598 721 2677 ὦ
748 2618 809 2678 πᾶν
840 2609 1032 2697 πυρφόρων.
1084 2614 1146 2679 Sed
1183 2633 1295 2694 parum

112 2730 196 2805 apte
213 2722 340 2803 iupiter
365 2707 388 2785 d
410 2726 472 2785 τᾶν
495 2723 641 2788 invocari
666 2724 805 2788 videtur.
841 2723 947 2802 Magis
972 2722 1079 2803 placet
1095 2721 1295 2786 Lachmauni

112 2831 306 2895 coniectura
331 2828 430 2917 [chor.
453 2837 534 2912 syst.
560 2850 588 2909 p.
616 2827 692 2915 128]
715 2822 775 2892 υὸν
799 2810 823 2892 ὦ
846 2832 912 2892 Ζεῦ
934 2825 1124 2911 πυρφόρων.

228 2956 384 3020 Videmus
408 2955 510 3036 igitur
534 2954 654 3019 codicis
676 2953 920 3036 G'seripturas,
953 2955 1071 3033 quibus
1096 2956 1134 3019 A.
1158 2952 1297 3033 Seyffert

114 3063 284 3129 diversam
302 3064 343 3126 ab
359 3063 387 3126 ir
404 3061 560 3142 originem
585 3062 682 3127 huius
705 3061 780 3126 libri
805 3060 1043 3126 demonstrasse
1066 3060 1129 3125 sibi
1153 3061 1295 3142 videtur,

112 3189 230 3235 omnes
255 3169 413 3234 eiusmodi
438 3187 519 3252 esse,
543 3175 581 3234 ut
597 3170 687 3233 nulla
703 3187 801 3233 causa
818 3170 935 3250 obstet,
962 3168 1133 3248 quominus
1155 3167 1296 3233 codicem

113 3279 150 3345 G
173 3279 201 3342 si
225 3296 289 3342 non
313 3296 353 3342 er
376 3277 404 3341 L
429 3277 509 3361 ipso,
545 3284 579 3341 at
609 3295 649 3341 ex
673 3276 781 3355 aliquo
806 3276 877 3341 eius
900 3277 1098 3358 apographo,
1134 3294 1221 3341 nunc
1244 3276 1297 3340 de·

119 3384 258 3466 perdito,
296 3403 315 3448 a
342 3384 564 3466 grammaticis
595 3385 647 3448 vel
678 3383 822 3447 librariis
851 3383 970 3463 partim
1002 3388 1146 3448 correcto
1177 3382 1296 3462 partim

113 3493 299 3573 depravato
323 3499 517 3572 repetamus.

211 3610 291 3681 ¹Sed
330 3635 429 3680 unum
469 3622 697 3698 argumentum
735 3622 853 3699 restat,
893 3617 978 3696 quod
1017 3617 1057 3681 ad
1097 3615 1293 3680 contrariam

112 3723 315 3790 seutentiam
355 3722 606 3788 confirmandam
646 3743 665 3788 a
704 3723 832 3805 Lipsio,
878 3725 917 3788 A.
956 3722 1115 3806 Seyti'erto
1157 3722 1297 3804 aliisque

114 3847 251 3911 semper
285 3830 404 3903 teritur
439 3837 473 3894 et
506 3832 590 3910 quod
627 3831 729 3910 primo
764 3833 881 3895 obtutu
918 3849 1054 3912 magnae
1089 3829 1297 3896 auctoritatis

120 3937 261 4018 speciem
284 3938 405 4002 habere
428 3937 568 4019 videtur,
593 3938 649 4002 sed
673 3938 701 4002 si
723 3956 791 4002 rem
809 3938 993 4003 accuratius
1010 3937 1295 4020 anquiviserimus,

113 4036 227 4110 ‘minus
252 4043 385 4109 valebit.
433 4045 619 4110 Dindoriius
650 4045 735 4109 enirn
759 4045 823 4109 iarn
855 4045 890 4110 in
913 4045 1014 4126 prraef.
1038 4046 1078 4110 ad
1103 4045 1296 4110 scholiorum

115 4151 414 4231 Septentrionem
440 4151 480 4234 [a.
507 4149 605 4236 leta]
630 4151 706 4232 pV
729 4136 899 4234 retulerat,
924 4153 1046 4217 scholia
1071 4162 1184 4218 vetera
1207 4153 1241 4216 in
1267 4152 1297 4217 G

117 4274 333 4288 Q...—

184 4329 211 4394 *)
230 4329 334 4385 Ztschr.
352 4328 371 4381 f.
391 4328 416 4381 d.
437 4327 649 4394 ayma-maen
668 4327 720 4383 vol.
740 4329 783 4396 17,
803 4344 828 4395 p.
848 4328 909 4383 588.
