2964 4890
627 320 849 378 ...15-

151 530 227 578 esse
251 511 505 594 observamus.*)
552 510 696 576 librarii
720 511 803 577 enim
830 510 972 575 scientes
987 516 1021 575 et
1038 510 1187 576 volentes
1201 515 1333 576 tentum

152 626 188 685 et
212 603 336 684 scholia
354 627 418 685 aut
441 619 582 686 diversis
605 618 737 698 litteris,
769 618 960 682 minusculis
978 623 1017 682 et
1038 618 1240 700 maiusculis,
1254 623 1335 684 :aut

153 733 496 806 textum-atramento,
533 725 660 790 scholia
681 724 779 789 minio
804 743 939 789 exarare
962 725 1126 806 solebant,
1158 729 1334 791 attextus

154 842 189 898 et
213 834 349 899 scholia·
366 832 464 898 facile
489 832 719 914 elegentibus
751 832 853 912 primo
887 839 1022 913 aspectu
1057 833 1331 898 discernerentur.

156 939 251 1022 Quod
274 947 472 1022 quantopere
495 938 702 1021 opusfuerit
725 938 823 1004 facile
848 940 1064 1022 cognoscitur,
1094 941 1122 1005 si
1146 947 1271 1005 textum
1296 945 1335 1005 et.

156 1049 279 1113 scholia
303 1047 493 1127 saepissime
516 1047 550 1111 in
575 1053 750 1128 angustum
776 1047 918 1126 spatium
948 1064 1130 1128 compressa
1162 1065 1234 1112 esse
1257 1064 1335 1111 con·

156 1155 346 1219 sideramus

262 1263 315 1344 At,
347 1260 460 1326 dicunt
483 1260 675 1341 adversarii,
710 1261 896 1326 litterarum
928 1261 1046 1325 ductus
1078 1261 1112 1325 in
1142 1261 1275 1326 scholiis
1296 1270 1332 1327 et

153 1368 186 1432 iu
219 1375 313 1433 textu
345 1368 434 1433 iuter
465 1386 500 1433 se
531 1377 597 1432 tam
630 1367 805 1432 dissimiles
837 1374 923 1448 sunt,
960 1375 996 1433 ut
1028 1368 1171 1433 eiusdem
1200 1368 1331 1433 librarii

150 1493 225 1540 esse
257 1482 431 1555 nequeant.
485 1474 607 1557 Quidni
639 1493 766 1554 quaeso
806 1475 993 1540 litterarum
1033 1475 1157 1556 species
1198 1475 1331 1541 diversa

153 1598 225 1647 esse
249 1582 362 1664 possit,
388 1601 458 1647 cum
483 1582 617 1646 litterae
641 1600 834 1662 quamquam
859 1585 901 1647 ab
926 1583 1035 1648 eodem
1052 1583 1196 1663 librario,
1221 1590 1331 1648 tamen

155 1689 283 1754 diverso
307 1699 460 1771 tempore,
498 1689 627 1754 diverso
651 1699 844 1772 atramento,
882 1690 1013 1754 diverso
1041 1691 1174 1772 calamo,
1200 1690 1332 1756 diversa

155 1795 293 1876 denique
324 1797 514 1861 litteratura
544 1797 687 1877 scriptae
720 1795 807 1861 sinti
854 1797 971 1862 Verbis
1006 1805 1122 1877 poetae
1157 1797 1331 1877 exarandis

155 1904 295 1984 spatium
320 1903 402 1968 satis
427 1904 567 1983 amplum
593 1901 667 1984 fuit,
693 1904 824 1977 scholia
848 1904 880 1967 in
907 1904 1100 1984 paginarum
1126 1904 1330 1985 marginibus

153 2011 208 2076 vel
241 2011 328 2075 inter
347 2027 487 2093 uersus,
529 2010 550 2074 i.
583 2030 610 2076 e.
646 2011 688 2085 si
714 2030 824 2077 eorum
860 2011 1057 2091 aliquotiens
1096 2012 1330 2076 abundantium

155 2123 348 2197 spectamur,
384 2135 482 2198 saepe
514 2118 545 2181 in
571 2119 677 2199 spatio
702 2119 820 2199 exiguo
835 2147 837 2153 ·
854 2118 952 2184 scribi
982 2119 1137 2201 oportuit,
1175 2119 1229 2183 urbi
1260 2137 1331 2199 per-

156 2223 326 2302 spicuitati
348 2224 442 2288 simul
471 2243 541 2288 cum
567 2226 730 2290 brevitate
761 2227 992 2291 consulendum
1018 2233 1099 2305 erat,
1133 2231 1333 2306 quapropter

158 2328 351 2394 scholiorum
375 2331 602 2413 scribasaepe
626 2334 823 2413 compendiis
848 2334 896 2397 uti
921 2341 1052 2397 coactus
1077 2339 1135 2396 est.

265 2436 326 2502 Sed
357 2437 541 2504 litterarum
574 2439 691 2505 ductus
723 2441 757 2504 in
782 2448 875 2505 textu
899 2440 990 2504 etin
1014 2439 1146 2504 scholiis
1170 2438 1258 2503 haud
1282 2439 1330 2503 ita

155 2543 329 2608 dissimiles
344 2544 506 2628 videntur,
531 2547 700 2611 dummodo
717 2567 758 2613 ne
774 2548 967 2613 scholiorum
986 2546 1185 2610 maiusculas
1199 2545 1333 2610 litteras

153 2668 225 2714 cum
249 2656 359 2716 textus
383 2653 573 2718 minusculis
598 2673 828 2737 comparemus,
854 2654 911 2720 sed
932 2653 1142 2734 inquiramus
1172 2651 1329 2732 numquid

154 2773 173 2828 a
206 2757 383 2824 scholiasta
411 2760 602 2826 minusculis
637 2762 682 2826 sit
714 2762 885 2844 scriptum,
922 2768 1021 2841 atque
1047 2760 1081 2824 id
1116 2778 1187 2824 cum
1219 2764 1335 2823 textus

155 2863 343 2931 minusculis
360 2885 597 2947 componamus.
622 2869 656 2933 Si
673 2869 775 2949 igitur
791 2868 990 2933 minusculas
1004 2866 1334 2932 litterasuncialibus

154 2971 342 3052 saepissime
364 2973 400 3037 in
424 2974 556 3039 scholiis
580 2975 723 3040 insertas
746 2976 801 3039 vel
822 2993 939 3039 uersus
964 2975 1100 3040 omissos
1124 2974 1176 3039 vel
1200 2973 1331 3054 singula

153 3079 253 3143 verbu
275 3088 391 3160 poetae
417 3083 457 3145 ab
482 3081 594 3146 eodem
611 3081 805 3146 scholiorum
823 3081 940 3160 scriba,
965 3089 1002 3147 ut
1018 3079 1106 3145 infra
1122 3081 1331 3162 disseremus,

152 3185 341 3252 minusculis
376 3188 496 3253 litteris
531 3188 645 3253 addita
680 3207 752 3254 cum
791 3195 902 3253 textus
937 3188 1059 3254 litteris
1094 3205 1332 3269 comparamus,

152 3299 279 3358 tantam
295 3295 383 3360 inter
398 3296 474 3361 illes
489 3296 735 3362 similitudinem
757 3296 951 3376 invenimus,
978 3303 1014 3360 ut
1037 3314 1165 3360 menum
1192 3295 1330 3374 primam

152 3410 184 3463 et
208 3402 403 3478 scholiorum
430 3421 558 3467 manum
583 3402 651 3468 fere
671 3423 836 3484 nunquam
853 3409 940 3467 certo
959 3403 1142 3467 discernere
1159 3401 1333 3481 possimus.
1413 3419 1417 3426 ’

151 3503 214 3570 Sed
248 3506 309 3570 hac
340 3507 379 3572 de
406 3527 442 3573 re
471 3516 584 3589 postea
613 3509 726 3574 dicem.
772 3509 811 3573 Id
843 3515 952 3573 autem
985 3527 1025 3573 ex
1056 3508 1117 3588 his,
1154 3526 1237 3591 quae
1268 3509 1332 3593 huc

151 3630 253 3693 usque
284 3614 532 3702 disputavimus,
570 3623 719 3696 apparet,
755 3617 856 3681 solam
888 3615 1071 3697 scripturae
1103 3614 1329 3680 diversitatem

150 3719 284 3803 minime
308 3705 347 3784 ad
372 3721 452 3786 duos
476 3722 628 3786 librarios
652 3732 724 3787 esse
746 3721 958 3805 referendam,
984 3722 1042 3788 sed
1066 3741 1106 3786 ex
1129 3721 1204 3785 aliis
1221 3721 1333 3786 causis

148 3827 248 3892 facile
272 3828 429 3906 explicari
453 3828 619 3910 possc.**)
1010 3840 1012 3844 “
1209 3845 1210 3848 ’

1297 3904 1302 3933 l

213 3967 238 4032 *)
259 3967 292 4021 cf.
312 3968 432 4034 Thucyd.
452 3968 533 4022 Laur.
553 3970 596 4038 69,
616 3973 633 4024 2
661 3968 739 4040 [saec.
759 3969 804 4040 X],
829 3970 924 4024 Vitelli
944 3976 971 4024 et
992 3970 1074 4037 Pauli,
1094 3969 1191 4025 Culleo.
1210 3970 1329 4023 hierem.

257 4057 286 4111 ΙΙ
304 4057 397 4125 (1886)
417 4057 472 4110 tab.
494 4060 535 4112 18.
555 4090 589 4097 -
609 4059 722 4127 Gregor.
741 4059 928 4113 Nazianzenus
948 4060 992 4114 Or.
1012 4060 1093 4113 Laur.
1113 4062 1138 4128 7,
1158 4063 1175 4114 8
1196 4058 1277 4130 [saec.
1294 4056 1334 4126 X]

257 4134 745 4214 mmmmmmm
1102 4137 1191 4149 ·“

197 4235 235 4305 ”i
255 4236 333 4290 Hanc
346 4237 509 4291 sententiam
522 4238 580 4291 iure
593 4237 742 4292 defendunt
754 4239 919 4306 Heimsoeth,
939 4238 1027 4304 Epist.
1040 4236 1169 4304 Florent,
1185 4239 1219 4292 R.
1235 4234 1334 4302 Schbll,

151 4320 154 4328 ’
257 4326 347 4381 Herm.
366 4326 414 4395 XI,
436 4327 517 4395 1⁸76,
537 4343 563 4393 p.
583 4327 645 4382 220.
683 4327 714 4380 G.
734 4326 826 4395 Wolff,
854 4328 923 4381 llius.
943 4326 1030 4381 Rhen.
1049 4325 1090 4379 IX
1109 4326 1202 4396 (1854)
1223 4342 1250 4393 p.
1271 4327 1337 4398 rie,

256 4416 291 4470 H.
310 4416 380 4485 Keil,
399 4416 417 4471 1.
436 4432 467 4484 c.,
487 4416 520 4470 cl.
539 4415 643 4471 Ritsch.
663 4416 747 4486 praef.
768 4417 802 4470 nd
820 4416 917 4471 Aesch.
936 4416 1009 4483 Sept.
1029 4431 1055 4482 p.
1075 4416 1124 4473 XI.
