2964 4890
633 309 854 369 ..33-

62 523 65 529 ’
153 507 210 563 est
237 497 370 579 paginis
396 496 559 562 trifariam
586 498 710 580 divisis,
735 499 845 565 itaut
870 500 956 566 terni
981 518 1097 565 versus
1121 500 1156 564 iu
1173 502 1260 566 linea
1277 519 1340 566 con

155 606 341 688 tinuentur,
377 605 462 670 terni
496 611 669 685 sequentes
695 624 809 672 versus
833 608 1047 672 subiciantur.
1093 607 1182 673 Raro
1205 605 1346 688 abipso

156 711 304 795 librario,
342 714 451 776 rarius
485 714 527 776 ab
559 713 625 777 alia
656 731 754 778 manu
790 732 900 778 correo
902 720 956 778 tus
989 721 1049 778 est.
1026 715 1147 779 tAb
1179 715 1342 794 omnihus,

151 819 211 899 ·qui
237 819 417 884 codicem
409 827 632 903 ruspexe1·t,un
609 821 797 885 tsaeculo
820 820 907 885 ΧΙΠ
932 820 1139 886 adscribitur
1187 821 1345 886 Continet

156 926 189 989 in
219 926 384 1007 prioribus
415 945 489 1009 pag.
517 933 578 990 116
603 926 772 1006 Euripidis
796 928 974 1011 Hecubam,
1012 927 1170 1008 Orestem,
1208 928 1342 1008 Pboou,

157 1032 321 1115 Androm,
347 1033 504 1116 Medeam,
531 1033 672 1115 Hippoi,
697 1034 813 1098 deinde
838 1053 857 1098 a
880 1054 954 1116 pag.
973 1040 1148 1099 lli-214
1171 1035 1342 1114 Sophoclis

149 1147 280 1221 septem
314 1140 444 1205 tabulas
468 1140 581 1205 ordine
604 1141 716 1205 eodem
742 1159 803 1221 quo
828 1141 865 1224 L,
902 1141 959 1206 sed
983 1142 1041 1223 ita,
1078 1148 1116 1206 ut
1139 1142 1341 1222 Antigonam

156 1245 301 1327 Oedipus
329 1247 394 1312 Col.
426 1259 592 1327 sequatur.
638 1248 806 1313 Postremo
843 1249 958 1313 insunt
981 1248 1214 1328 Aristophanis
1237 1249 1339 1331 Pina,

155 1355 250 1436 Nub,
275 1355 368 1436 Ran,
392 1355 486 1436 Eqn,
511 1357 582 1437 Au,
607 1354 759 1437 Acheru,
784 1355 871 1420 Eccl.
896 1353 1144 1439 [imperfectael
1181 1356 1338 1421 Veterum
1368 1409 1373 1416 .

155 1460 255 1525 Laur.
280 1462 474 1526 scholiorum
500 1468 653 1542 excerpta
678 1467 804 1528 tantum
829 1463 929 1527 exilia
953 1463 1094 1527 exhibet.

264 1586 449 1651 Editionem
475 1587 627 1651 Aldinam
660 1588 736 1651 anni
768 1593 852 1652 1502
877 1588 1027 1652 Parisino
1057 1593 1168 1651 nostro
1200 1588 1262 1652 niti
1295 1606 1338 1652 ex

155 1693 268 1756 multis
302 1693 506 1773 argumentis
540 1693 622 1758 satis
657 1701 802 1775 apparet.
853 1695 975 1759 Aldina
1009 1695 1095 1759 enim
1130 1712 1192 1759 non
1227 1695 1336 1760 solum

150 1800 293 1864 eundem
328 1818 423 1879 quem
446 1801 521 1865 Par.
555 1799 739 1866 fabularum
764 1802 907 1866 ordinem
933 1802 1042 1883 habet,
1079 1801 1258 1866 sedetiam
1283 1812 1337 1867 tot

155 1905 310 1971 lectiones
327 1907 471 1972 Parisini
491 1908 651 1988 proprias,
676 1915 714 1971 ut
730 1918 823 1972 extra
840 1908 1054 1973 dubitationis
1071 1909 1174 1973 aleam
1192 1910 1336 1988 positum

155 2012 317 2087 videatur,
354 2014 506 2078 Aldinam
530 2014 601 2078 sive
628 2033 669 2079 ex
693 2014 843 2078 Parisino
867 2015 938 2095 ipso
962 2016 1015 2081 vel
1039 2015 1108 2080 eius
1133 2017 1338 2100 apographo,

154 2120 225 2186 siue
249 2139 290 2185 ex
313 2122 490 2200 exemplari
515 2122 544 2185 ei
569 2121 733 2185 simillimo
757 2123 908 2187 haustam
932 2141 1013 2187 esse.

261 2246 446 2310 Parisinum
469 2247 591 2326 primus
609 2247 795 2312 Bruuckins
818 2248 874 2312 sed
898 2248 1005 2311 minus
1022 2257 1174 2311 accurate
1190 2247 1338 2311 excussit

154 2361 188 2417 et
211 2353 367 2417 lectiones
391 2354 461 2419 eius
485 2354 518 2417 in
543 2354 685 2418 editione
709 2373 769 2418 sna
793 2353 981 2435 publicavit.
1020 2354 1144 2419 Maiore
1161 2353 1339 2435 diligentia

157 2458 259 2524 codex
284 2463 325 2524 ab
350 2461 505 2524 ldlmsleio
529 2461 562 2523 in
588 2460 664 2526 Oed.
690 2460 756 2525 Col.
780 2468 813 2525 et
836 2462 957 2525 nostris
986 2461 1186 2539 temporibus
1210 2479 1230 2524 a
1255 2461 1336 2526 viris

153 2566 262 2632 doctis
286 2567 462 2631 identidem
486 2575 662 2647 usurpatus
686 2580 745 2631 est.
784 2569 821 2632 Ιιι
841 2586 932 2632 usum
951 2567 1110 2632 Dindoriii
1129 2569 1329 2646 Duebnerns,

154 2673 188 2736 in
218 2693 311 2737 nsum
344 2674 380 2738 0.
405 2674 518 2738 Jahnii
552 2674 592 2738 ad
622 2674 775 2739 Electrae
798 2675 972 2739 editionem
997 2674 1035 2738 R.
1060 2674 1210 2738 Prinzius
1241 2673 1331 2739 illum

149 2780 302 2844 contulit.
357 2781 538 2846 Proehueri
574 2781 778 2845 collationem
811 2781 858 2845 IV
893 2779 1078 2846 fabularum
1118 2778 1182 2866 [ni.
1208 2782 1256 2845 El.
1280 2780 1333 2845 Tr.

153 2883 250 2972 Phil]
299 2888 429 2968 Lipsius
468 2887 502 2951 in
542 2889 814 2954 commentatione
850 2907 883 2971 s.
923 2889 943 2952 l.
985 2892 1194 2969 ,Apparatus
1236 2888 1333 2966 Soph.

153 2995 435 3075 supplementum“
463 2995 621 3076 vul-gavit.
670 2996 735 3060 Alii
768 2996 884 3061 deinde
913 2997 975 3061 viri
1000 2997 1088 3060 docti
1122 2997 1162 3060 ad
1188 2995 1334 3060 edendas

154 3102 285 3166 fabulas
321 3103 461 3167 codicem
494 3102 584 3166 illum
617 3103 721 3168 denuo
756 3103 977 3169 adhibuerunt
1008 3104 1110 3168 veluti
1144 3102 1335 3183 Gampbell,

147 3210 258 3292 -Jebb,
285 3209 430 3274 Subkoff.

261 3317 404 3382 Maxima
429 3317 617 3397 auctoritas,
644 3334 739 3396 quam
764 3319 862 3382 etiam
881 3318 1117 3398 posterioribus
1134 3316 1336 3394 temporibus

148 3423 253 3487 editio
278 3426 488 3489 Bruuekiana
520 3443 643 3488 summo
675 3425 745 3488 iure
769 3426 949 3506 obtinebat,
984 3424 1018 3488 in
1043 3423 1279 3488 aestimandum
1305 3426 1336 3487 A

151 3550 281 3612 quoque
303 3532 518 3614 redundabat,
556 3532 641 3596 unde
672 3532 794 3597 factum
826 3540 886 3608 est,
923 3538 961 3597 ut
990 3532 1078 3596 inter
1109 3550 1219 3595 omues
1244 3530 1335 3594 codd.

152 3653 286 3719 praeter
309 3640 337 3703 L
361 3640 485 3718 primus
517 3641 703 3705 criticorum
737 3639 888 3703 occulos
878 3659 912 3704 m
936 3657 971 3704 se
996 3644 1203 3703 converteret
1236 3644 1336 3716 atque
1371 3657 1374 3662 ·

152 3744 342 3825 Lipsiuset
366 3745 420 3825 qui
454 3765 525 3810 eum
550 3754 691 3825 sequuut
693 3766 732 3812 ur
760 3752 871 3826 praest
873 3754 930 3810 ant
932 3746 1038 3809 iame
1020 3745 1240 3809 etdiversam
1264 3745 1335 3808 eins

148 3853 194 3915 ab
218 3851 246 3916 L
271 3852 430 3933 originem
457 3855 721 3931 comprobaret
691 3852 870 3918 sttuderen

261 3959 416 4039 Magnum
434 3959 568 4023 huiusce
585 3960 633 4023 rei
650 3967 878 4040 argumentum
896 3960 1064 4024 existimat
1081 3960 1222 4039 Lipsius,
1249 3957 1336 4037 quod

151 4083 283 4131 versum
301 4069 378 4130 Ant.
395 4071 461 4130 838
479 4066 512 4130 iu
537 4066 685 4131 omnibus
710 4067 803 4131 libris
827 4075 1009 4131 exstantem
1028 4070 1056 4131 A
1074 4068 1163 4130 solus
1187 4066 1332 4146 ignorat:

148 4170 253 4245 »ζῶσαν
277 4172 334 4234 καὶ
358 4168 475 4236 ἔπειτα
498 4174 679 4236 θανοῦσαν.
727 4173 793 4239 Sed
817 4175 913 4238 huius
937 4192 1052 4239 versus
1076 4173 1224 4237 desectus
1254 4171 1336 4236 mihi

147 4297 221 4344 eam
248 4279 314 4345 vim
337 4299 399 4344 uon
426 4280 547 4346 habere
571 4281 710 4347 videtur.
754 4281 925 4346 Facillime
949 4282 1036 4346 euim
1060 4279 1133 4344 fieri
1156 4280 1273 4361 potuit,
1299 4290 1337 4343 ιιι
