2964 4890
559 335 902 395 ’-46-

193 523 463 612 θύσμορέσορᾶν
488 526 703 608 praeferenda
727 525 866 604 videtur,
891 525 1039 605 quamvis
1063 520 1212 607 δύσμοιρ
1229 516 1312 606 ὄρᾷν
1336 523 1383 587 ab

196 635 348 700 omnibus
371 635 548 700 editoribus
572 635 735 715 probetur.
762 629 765 717 l
791 630 828 697 O.
852 631 885 696 O.
912 637 1007 697 1640.
1031 635 1127 714 φρένι
1151 630 1234 712 ARl,
1259 633 1380 712 φέρειν

194 742 227 807 'L
250 747 285 806 et
308 748 383 807 cett.
402 741 491 806 codd.
526 741 686 820 Utraque
710 739 806 804 lectio
831 757 966 819 magnas
990 740 1128 819 praebet
1152 738 1377 821 difficultates

194 867 300 930 qnare
322 848 376 913 hic
399 864 514 914 versus
540 847 717 913 identidem
740 845 857 910 aviris
881 846 985 910 doctis
1009 846 1203 910 coniecturis
1228 851 1380 910 tentatus

199 963 260 1037 est,
296 973 376 1035 quas
412 973 602 1020 enumerare
635 954 777 1035 longum.
832 953 956 1018 Nauck.
991 971 1122 1018 versum
1158 961 1195 1018 nt
1230 953 1380 1032 spurium

145 1135 148 1141 ,
195 1061 293 1128 delet.
320 1078 325 1148 ι
350 1062 480 1127 Dubius
505 1079 632 1142 quoqne
655 1067 706 1125 est
729 1061 779 1125 El.
804 1081 835 1125 v.
862 1065 936 1142 132,
963 1078 1055 1140 quem
1080 1060 1118 1125 R.
1136 1059 1312 1125 Schneider
1336 1059 1380 1124 ad

688 1174 691 1182 “
1092 1165 1127 1228 δέ

193 1257 395 1323 sententiam
421 1275 511 1322 snam
536 1255 819 1321 demonstrandam
845 1253 956 1320 affort:
993 1248 1063 1317 οὐδ’
1089 1239 1131 1316 αὖ
1155 1253 1244 1317 θέλω
1267 1253 1305 1336 L,
1343 1252 1380 1316 δὲ

201 1384 221 1429 a
246 1383 328 1429 man.
352 1383 424 1447 rec,
450 1355 489 1426 οἰ
513 1363 543 1426 δ’
568 1347 610 1425 αὖ
633 1362 720 1426 θέλω
744 1363 765 1442 l,
791 1353 862 1424 οὐδ’
888 1340 929 1424 αὖ
950 1362 1039 1425 θέλω
1064 1361 1194 1426 GAPal.
1213 1361 1380 1443 Angbc.

195 1471 284 1554 -Jen,
310 1462 381 1533 oda
399 1469 494 1533 ’θέλω
512 1471 541 1535 Α
558 1489 599 1534 ex
615 1464 689 1532 otor
707 1469 804 1532 ’θέλω
827 1468 905 1535 fecit
929 1488 1013 1534 man.
1036 1489 1093 1551 pr,
1119 1463 1191 1531 οὐδ’
1208 1458 1318 1531 ἐθέλω
1330 1469 1379 1550 E,

194 1570 240 1656 od
263 1577 294 1640 δ’
319 1574 425 1640 ἐθέλω
447 1578 661 1658 probabiliter
685 1577 823 1642 coniecit
846 1577 1034 1642 Buttmann.

307 1756 358 1821 Ex
374 1755 425 1820 his
441 1774 524 1837 qnae
541 1756 780 1836 disputavimus
796 1754 878 1819 satis
894 1762 1041 1837 apparet,
1062 1753 1217 1820 lectiones
1232 1753 1380 1819 Parisini

199 1865 228 1927 A
254 1882 323 1928 eam
348 1863 413 1928 vim
439 1882 500 1926 non
529 1863 658 1944 babere,
684 1880 779 1942 qnam
804 1862 947 1942 Lipsius,
972 1865 1011 1927 A.
1028 1861 1167 1944 Seyffert
1191 1860 1312 1942 aliique
1338 1861 1382 1926 iis

73 2006 75 2011 ·
197 1970 379 2053 vindicant,
404 1970 462 2035 sed
478 1987 589 2034 omnes
606 1968 763 2034 eiusmodi
781 1986 863 2048 esse,
889 1976 925 2032 nt
948 1966 1103 2033 facillime
1128 1967 1379 2048 agrammatico

197 2077 309 2156 aliquo
344 2076 484 2142 inveniri
521 2082 555 2141 et
590 2094 630 2140 ex
665 2076 852 2156 apographo
889 2075 997 2157 aliquo
1033 2075 1249 2140 Laurentiani
1279 2075 1307 2139 L
1338 2074 1378 2139 in

199 2183 383 2250 Parisinnm
409 2186 438 2249 A
464 2180 638 2249 transferri
661 2182 837 2262 potuerint.

308 2361 411 2445 Quam
435 2371 507 2427 arte
531 2368 640 2427 autem
665 2361 811 2433 codexA
836 2362 952 2426 cnmL
976 2362 1160 2442 cohaereat,
1185 2379 1246 2424 non
1272 2362 1379 2445 solnm

200 2470 283 2536 vitia
315 2469 464 2534 omnibns
496 2469 590 2533 libris
620 2487 694 2533 mss.
719 2468 900 2532 communia
923 2468 1159 2548 demonstrant,
1196 2466 1378 2546 dequibus

198 2577 265 2641 iam
295 2595 395 2654 supra
423 2575 575 2656 diximus,
611 2575 668 2639 sed
700 2574 797 2638 etiam
830 2574 904 2639 aliis
935 2580 993 2639 aut
1023 2575 1164 2656 propriis
1194 2584 1252 2639 aut
1283 2573 1374 2639 falsis
1408 2570 1410 2575 ’

197 2683 405 2762 lectionibus,
440 2682 473 2745 in
498 2681 617 2760 quibus
642 2684 671 2744 A
697 2699 766 2744 cum
793 2681 820 2745 L
850 2681 1011 2760 congruit,
1040 2684 1211 2760 probatur:
1248 2683 1298 2747 Ai.
1323 2684 1373 2745 33.

198 2784 279 2852 κωύκ
305 2785 366 2867 ἔχω
389 2790 515 2867 μαθεῖν
540 2779 617 2849 ὅτου
642 2787 732 2852 etin
756 2788 903 2868 margine
928 2779 987 2849 οὐκ
1013 2783 1072 2867 ἔχω
1097 2780 1186 2850 ὅπου
1210 2793 1336 2867 μαθεῖν
1357 2775 1377 2845 i*

195 2988 268 3047 ποῦ
291 2979 380 3047 ἐστιν
403 2984 440 3065 L,
470 2918 557 3045 ὅωτῑου
581 2984 603 3066 l,
629 2975 725 3059 ὅπου,
751 3003 799 3066 γρ.
823 2975 901 3045 ὅτου
925 2988 954 3049 Α
979 2985 984 3069 l
1010 2986 1059 3050 At.
1086 2992 1158 3050 215.
1172 2899 1296 3055 {agot
1320 2984 1380 3051 LA

198 3111 283 3157 man.
301 3111 357 3173 pr,
381 3086 489 3174 βάρος,
515 3111 562 3174 γρ.
586 3086 698 3160 πάθος
713 3091 751 3156 G.
769 3091 811 3155 M.
837 3087 842 3177 λ
868 3092 918 3155 At.
935 3097 1009 3156 880.
1033 3088 1134 3175 ἄγρας
1157 3093 1196 3173 L,
1222 3113 1269 3174 γρ.
1286 3087 1382 3175 ἕδρας

197 3290 267 3353 alia
291 3306 374 3352 man.
399 3305 570 3371 superscr,
604 3281 713 3370 ἄγρας,
739 3306 788 3369 λθ·
813 3281 907 3370 ἕδρας
930 3288 1004 3352 ΑΜ.
1030 3284 1034 3360 l
1060 3288 1110 3352 El.
1136 3293 1209 3351 250.
1233 3221 1382 3368 εὐσέβεῖα

197 3396 291 3460 LAE
319 3392 365 3481 [in
390 3395 418 3459 L
443 3393 459 3455 i·
479 3414 563 3459 man.
587 3412 649 3458 rec.
673 3391 846 3479 supersum]
880 3390 884 3479 l
917 3393 953 3459 Ο.
977 3396 1013 3460 Τ.
1039 3398 1112 3458 206.
1137 3398 1382 3476 προσταθέντα,

201 3607 361 3670 superscr.
394 3585 626 3672 προιστάμενα
657 3590 716 3655 LA
754 3590 850 3670 [teste
872 3580 1006 3676 Jebeo]
1043 3586 1046 3676 i
1084 3589 1121 3656 Ο.
1145 3591 1181 3655 Τ.
1209 3596 1302 3654 1016.
1328 3525 1382 3654 ὅθι

194 3685 300 3775 diosna
325 3697 393 3778 LA,
432 3697 575 3762 litteram
599 3719 617 3759 υ
642 3704 720 3762 ante
745 3719 764 3758 ν
799 3694 832 3785 [i.
856 3717 882 3762 e.
908 3690 1075 3783 ὁθούνεκ’]
1111 3697 1146 3762 in
1171 3699 1198 3762 L
1224 3706 1312 3763 recte
1334 3698 1382 3762 in-

197 3803 307 3868 seruit
322 3821 405 3867 man.
422 3810 488 3868 ant.
514 3801 518 3889 l
543 3806 620 3868 Ant.
638 3810 689 3869 53.
707 3800 787 3875 ἔπος
802 3804 840 3886 L,
865 3800 976 3874 πάθος
992 3821 1152 3883 superscr.
1168 3786 1234 3881 ΒΣ,
1258 3800 1381 3882 πάθος,

994 3931 1032 3972 ov
1265 3933 1298 3983 ος

198 4021 251 4083 γρ.
276 3995 355 4069 ἔπος
378 4001 407 4064 Α
432 4018 516 4064 man.
540 4018 587 4079 pr.
613 3996 617 4085 Ι
642 4004 719 4065 Ant.
747 4007 818 4065 126.
843 3991 1028 4063 ἅντιπάλωι
1052 4037 1096 4044 -
1120 3995 1279 4084 δράκοντι
1322 4001 1381 4066 LA

196 4106 256 4190 ’[οω
280 4115 313 4172 et
337 4127 371 4177 ος
393 4107 426 4171 in
453 4107 480 4171 L
504 4125 524 4170 a
547 4125 630 4170 man.
655 4106 734 4191 ant]
761 4104 765 4192 Ι
792 4109 868 4172 Ant.
895 4111 966 4171 130.
991 4098 1198 4190 ὑπεροπτίας
1221 4109 1249 4173 L
1278 4101 1382 4192 ὑπερ-

197 4299 308 4375 όπτας
338 4322 498 4385 superser.
527 4323 567 4369 m.
596 4308 672 4385 ant,
710 4233 979 4386 ὖπεροπτιῖςῖςΑ
1018 4297 1022 4386 λ
1059 4301 1143 4368 Phil.
1170 4310 1265 4370 1218.
1298 4296 1385 4383 ὁμοῦ
