2964 4890
691 314 911 376 ..52-

211 518 284 582 rec,
319 494 360 566 στ’
383 500 409 582 γ’
434 500 556 572 ΘΔΘΑ
581 502 737 586 plerique,
752 532 754 534 ·
772 499 811 567 σύ
833 503 859 582 γ’
896 499 1022 588 [γρ.τᾶ
1044 507 1070 584 γ’
1094 505 1127 576 iu
1151 503 1312 588 margine]
1345 505 1395 586 n,

211 602 254 671 τά
277 607 302 687 y?
333 608 390 691 Le,
413 608 448 672 B.
473 608 605 690 aliique,
628 604 681 690 -σν’
706 608 744 689 μ’Ι
770 610 844 679 Vat.
867 627 906 690 a,
943 611 1028 691 quod
1058 612 1182 695 recepit
1210 611 1398 692 camptell.

107 723 110 726 ’
205 715 316 781 Pctus
344 715 435 797 locus
465 722 692 795 suspectaret
717 707 840 784 a‘viris
864 717 968 784 doctis
999 718 1092 787 varie
1121 724 1268 784 tentatus
1294 722 1354 789 eat.
1380 713 1387 802 l

211 828 287 886 463.
320 841 413 885 ...ε
442 826 547 905 πέτρα
577 823 606 888 L
642 823 669 904 (i
694 813 760 886 εἶδε
783 825 904 907 πέτρα)
939 824 974 888 in
1003 825 1104 890 litura
1127 816 1202 888 εἶπε
1229 844 1313 895 man.
1338 844 1397 905 pr..

210 929 264 996 vel
287 947 359 1010 sec,
395 919 461 993 εἶδε
485 929 525 1012 G,
560 949 606 995 τε
630 949 791 1010 superscr.
813 950 897 1002 man.
921 949 995 1014 rec,
1029 921 1105 997 εἴτε
1129 934 1159 1004 Ἀ
1183 931 1239 1000 alii
1272 929 1276 1018 l
1310 937 1398 996 635..

205 1031 370 1120 ‚inciperet
394 1037 422 1106 L
445 1055 529 1105 man.
556 1057 613 1120 pr,
645 1037 679 1107 in
703 1033 838 1121 eulpae
862 1038 946 1107 male
969 1038 1111 1107 mutavit
1133 1058 1216 1106 man.
1242 1046 1307 1104 ant.
1332 1039 1400 1104 vel.

210 1250 283 1312 rec,
306 1225 468 1315 eappan&
492 1233 784 1315 lGLcPal.VV⁴M.,
808 1228 945 1316 antipam
968 1233 1088 1302 AEM'.
1113 1230 1118 1319 Ι
1145 1240 1218 1299 657.
1241 1166 1341 1313 λόζῖν
1357 1235 1398 1304 L.

210 1338 289 1416 pei.
305 1357 332 1408 e.
348 1334 429 1428 λόγῳ
452 1357 611 1419 superscr.
636 1359 719 1409 man.
744 1347 820 1420 ant,
845 1328 927 1426 λόγῳ
951 1340 1011 1406 ΑΕ
1035 1329 1125 1422 pler,
1149 1336 1253 1419 λόγων
1279 1341 1362 1408 lGV.
1382 1339 1386 1425 l

212 1447 307 1511 1330.
332 1437 349 1507 ὅ
374 1438 459 1509 κακὰ
482 1435 586 1509 τελῶν
599 1492 697 1513 .....
710 1442 783 1510 τῶδ’
807 1442 870 1526 ἐμὰ
895 1442 1014 1511 πεῖθεν
1037 1449 1073 1513 L.
1098 1467 1180 1516 man.
1206 1467 1267 1531 pr.;
1299 1467 1411 1514 man...

210 1557 275 1621 ant.
300 1552 438 1633 primurn
464 1545 481 1614 ὅ
504 1552 538 1617 in
564 1573 584 1615 α
608 1553 748 1620 mutavit
771 1560 804 1619 et
826 1546 844 1617 ὁ
868 1555 938 1619 κατ’
964 1554 1091 1626 addidit
1123 1552 1156 1642 [i.
1181 1573 1208 1620 e.
1233 1547 1250 1616 ὁ
1274 1549 1388 1639 κακά],

79 1679 81 1683 ’
209 1678 284 1724 mox
307 1652 369 1738 ἐμοὶ
394 1665 470 1724 ante
493 1654 577 1735 τόδ’,
614 1659 670 1725 sed
694 1660 741 1724 ita
773 1667 810 1725 ut
840 1679 992 1743 magnum
1023 1661 1111 1730 inter
1133 1660 1235 1724 τελῶν
1262 1667 1297 1726 et
1320 1655 1395 1740 iaci·

208 1754 417 1832 intervallum
451 1766 654 1831 remanserit.
702 1759 719 1828 ὁ
748 1760 832 1833 κακὰ
866 1761 950 1829 κακὰ
983 1767 1088 1831 τελῶν
1119 1762 1181 1852 ἐμὰ
1212 1763 1285 1830 τάδ’
1322 1763 1394 1848 ἐμὰν

204 1868 325 1963 Ιπείθετε
349 1872 500 1941 lanan
532 1873 661 1952 aliique.
707 1874 857 1939 Alterum
894 1868 978 1937 κακὰ
1015 1875 1104 1942 omis.
1141 1875 1388 1942 BETVV²V⁴.

208 1980 353 2046 Priorem
380 1980 408 2045 L
431 1981 627 2060 scripturam
650 1987 831 2061 sequuntur
853 1982 922 2047 Pal.
945 1983 1002 2051 Lc.
1027 1978 1031 2067 l
1059 1986 1154 2049 1373.
1178 1961 1237 2044 οὖν
1259 1984 1298 2061 L,
1333 1967 1397 2044 οἷν·

210 2106 289 2151 corr.
322 2079 404 2154 man.
432 2106 479 2167 pr.
504 2087 556 2154 vel
586 2093 663 2169 ant,
699 2072 750 2149 οἷν
774 2088 836 2154 GA
859 2094 892 2153 et
916 2089 985 2154 rell.
1009 2089 1100 2156 cedd.
1136 2085 1140 2175 Ι
1178 2089 1262 2157 Phil.
1290 2093 1396 2173 1001..

1018 2219 1068 2259 ,ο
1156 2242 1159 2247 -

209 2272 250 2353 ῶς
264 2283 297 2363 μ’
314 2277 463 2366 incipere
487 2283 515 2348 L
539 2290 572 2348 et
596 2271 705 2348 omnes
728 2284 817 2349 cedd.
835 2289 871 2349 ut
887 2214 1027 2367 videtii‘,
1054 2276 1094 2355 ὥς
1117 2285 1149 2363 (i.
1166 2303 1192 2348 e.
1210 2306 1257 2368 γρ.
1275 2277 1320 2362 ὅς)
1347 2286 1395 2352 G...

209 2381 249 2459 ὥς
263 2390 396 2472 Βεεςλεζ,
420 2390 554 2472 Nauck,
580 2391 622 2461 Μ,
640 2391 736 2472 Seyff.
761 2391 935 2473 Campbell.
952 2391 1103 2457 retinent.
1139 2383 1174 2462 ὅς
1190 2391 1394 2475 Wakefield,

202 2494 353 2563 ¹Dindcrf
389 2496 459 2563 sine
494 2515 592 2561 causa
628 2497 818 2576 praeierunt
854 2492 858 2582 l
896 2498 977 2565 Phil.
1016 2502 1111 2562 1391.
1151 2493 1308 2578 σῶ(λ)ονσ’
1345 2500 1383 2565 L.
1420 2493 1426 2503 “

208 2598 340 2664 σῶσονσ’
365 2604 507 2671 correxit
530 2584 592 2667 LE.
629 2597 764 2666 σῶσονσ’
789 2607 818 2668 Α
843 2610 876 2667 et
899 2603 969 2673 rell.
987 2604 1076 2668 codd.
1116 2599 1251 2667 σῶσουσί
1272 2605 1302 2669 τ’
1317 2595 1389 2689 ὄρει.Ι

208 2727 377 2790 perperam
402 2709 440 2774 G.

314 2887 436 2952 Multos
461 2887 577 2952 deinde
602 2888 689 2952 loces
712 2890 751 2955 A.
768 2888 907 2970 Seyffert
930 2887 1034 2972 affert,
1061 2890 1118 2955 ubi
1141 2891 1245 2956 verba
1268 2895 1396 2982 poetae-

207 2993 327 3059 codicis
351 2993 381 3059 G
405 2994 577 3075 scripturis
602 2994 803 3061 emendanda
827 3013 898 3062 esse
923 3003 1041 3062 censet.
1088 2997 1149 3062 Sed
1175 3002 1304 3061 tautum
1329 2997 1387 3073 ab·

207 3108 267 3181 est,
304 3107 341 3166 ut
373 3101 450 3167 libri
477 3102 506 3166 L
538 3102 695 3167 lectiones
727 3102 921 3188 reiciendae,
955 3111 993 3173 ut
1021 3105 1051 3170 G
1084 3104 1280 3172 lectionibus
1310 3103 1400 3170 iure·

206 3205 444 3289 praeferendae
460 3208 535 3277 sint.
572 3209 647 3273 Huc
663 3209 695 3272 hi
712 3208 776 3275 loci
793 3210 973 3291 pertinent:
998 3208 1060 3275 Ai.
1079 3217 1154 3275 202.
1171 3204 1400 3293 Ἐρεχθειδᾶν·

206 3315 265 3380 LA
288 3315 359 3380 rell.
383 3315 484 3398 codd,
511 3315 594 3396 quod
619 3316 826 3383 retinuerunt
842 3317 973 3400 Bergk,
998 3317 1040 3381 M.
1057 3316 1163 3400 Seyff,
1190 3317 1389 3403 Campbell.;
1424 3336 1432 3351 ·

205 3417 428 3505 Ἐρεχθειδῶν,
464 3421 504 3504 G,
541 3422 626 3503 quod
649 3421 795 3490 Dindcrf
824 3432 857 3488 et
879 3424 997 3491 Nauck
1030 3423 1204 3489 dorismum
1238 3425 1279 3489 ab
1308 3443 1391 3490 ana·

206 3530 330 3609 paestis
354 3530 493 3594 alienum
520 3530 672 3594 arbitrati
704 3530 739 3594 in
762 3536 888 3595 textum
913 3537 1109 3609 receperunt
1133 3528 1137 3617 Ι
1162 3534 1237 3595 445.
1262 3525 1334 3593 αὔτ’
1357 3531 1400 3597 L.

206 3643 240 3701 et
263 3636 332 3703 rell.
356 3636 464 3714 codd.;
491 3620 548 3699 ὧδ’
573 3635 603 3700 G
627 3637 725 3718 sclua,
750 3655 846 3718 quam
873 3638 1042 3705 lectionem
1069 3638 1162 3718 „plus
1186 3638 1399 3705 acrimoniae*

206 3745 348 3813 habere‘l
367 3747 405 3813 A.
423 3743 518 3829 Seyff.
535 3744 696 3829 opinatur,
722 3751 831 3810 tamen
853 3739 921 3808 αὔτ’
946 3744 1029 3814 nihil
1053 3743 1238 3810 offensionis
1263 3745 1399 3815 habere·

206 3851 380 3921 concedit..
409 3850 522 3919 Lectio
548 3847 616 3914 αὕτ’
640 3851 670 3917 h.
694 3852 714 3915 l.
739 3851 841 3916 multe
865 3850 973 3935 aptior
996 3870 1092 3931 quam
1117 3835 1171 3913 ὧδ’
1197 3851 1329 3917 videtur
1352 3850 1419 3918 et.¹

206 3957 354 4040 profecta
371 3958 480 4023 nullus
497 3958 603 4023 editor
618 3960 657 4023 A.
674 3957 870 4040 Seyffertum
895 3957 1053 4037 sequitur.
1079 3955 1083 4042 l
1108 3959 1183 4023 488.
1200 3953 1236 4020 ἐν
1251 3953 1399 4045 πλούτῳ·
1475 3954 1481 3975 ’

207 4085 317 4132 omnes
332 4066 410 4137 libri
425 4074 556 4153 praeter
572 4066 612 4147 G,
637 4068 692 4148 qui
709 4063 745 4131 ἐκ
762 4062 908 4131 πλούτου
924 4069 1069 4147 praebet,
1095 4085 1190 4148 quam
1210 4067 1389 4135 lectionem

205 4177 245 4241 A.
277 4172 373 4256 Seyff.
407 4173 479 4240 sine
513 4192 612 4241 causa
647 4175 861 4257 commendat,
897 4192 1090 4255 quamquam
1128 4193 1197 4240 eam
1237 4168 1400 4268 „solutae-

207 4281 311 4364 magis
342 4280 499 4347 orationis
530 4299 626 4360 qnam
654 4291 823 4363 poetarum
852 4300 972 4348 morem
1001 4280 1142 4349 referre“
1169 4282 1354 4355 confitetur.
1383 4283 1398 4372 l,
1437 4340 1441 4349 .
