2964 4890
648 317 870 377 ..53-

172 601 246 660 742.
274 591 355 681 τύχῃ
390 597 418 660 L
450 602 484 662 et
515 596 661 678 plerique
696 596 810 677 codd.,.
831 590 925 686 τύχοτ
956 593 996 659 G.
1041 527 1137 681 007777ι
1157 595 1281 673 Mosqu.
1307 595 1348 675 0.,

170 703 261 783 Lips.
286 705 314 767 b.
360 697 451 788 τύχῃ,
488 704 573 783 quod
607 687 796 784 praeeunte
814 704 1002 768 Hermanno
1034 720 1053 765 a
1085 701 1251 766 nonnullis
1282 700 1348 766 edi-

170 810 298 875 toribus
322 810 466 904 reiritur,
496 808 644 876 defendit
667 812 709 876 M.
735 808 886 892 Seyffert,
919 809 1026 873 citans
1049 808 1212 889 Kruegeri
1236 807 1347 873 (iram.

172 915 227 981 Gr.
243 916 293 996 I}
312 910 364 999 54,
387 921 435 1001 ll,
454 923 481 981 3.
498 920 528 982 4.
553 927 586 981 et
610 918 754 983 retinent
769 917 913 994 Brunck,
939 909 1124 993 Elmsleiu's
1150 914 1325 994 Campbell.
1341 909 1346 999 7

143 1071 146 1075 .
173 1030 245 1088 773.
268 1021 333 1087 τότ’
357 1025 385 1089 L
410 1032 443 1090 et
468 1024 580 1104 optimi
605 1025 695 1104 libri;
731 1015 748 1086 ὅ
773 1024 802 1085 δ’
828 1023 896 1098 GA,
929 1021 1014 1102 quod
1037 1023 1075 1086 A.
1101 1021 1196 1103 Seyff.
1222 1021 1347 1085 rnauult

101 1138 103 1142 ‘
148 1131 260 1196 nullo
289 1133 449 1213 probante
477 1131 609 1196 editore.
647 1129 651 1216 7
689 1136 761 1196 leo.
785 1131 920 1193 τοσαῦθ’
952 1147 1062 1194 omnes
1094 1128 1183 1193 codd.
1215 1139 1349 1208 praeter

170 1240 240 1314 GA,
265 1240 299 1303 in
323 1239 440 1319 quibus
463 1240 593 1301 τοιαῦθ’
619 1238 747 1319 legitur,
772 1237 856 1318 quod
882 1239 922 1301 ab
946 1238 984 1301 A.
1007 1235 1166 1317 Seyfferto
1191 1254 1347 1300 commen·
1394 1237 1396 1242 ’

170 1345 290 1426 datum,
323 1365 342 1410 a
366 1347 433 1410 solo
460 1347 500 1410 ll.
526 1340 684 1428 Seyfferto
708 1346 742 1409 in
767 1352 891 1409 textum
916 1351 1080 1424 receptum
1106 1352 1164 1408 est.
1210 1343 1347 1405 τοσαῦθ’

170 1472 244 1518 cum
274 1453 423 1518 omnibus
456 1453 531 1519 aliis
566 1452 746 1517 editoribus
779 1452 954 1516 tenendum
990 1458 1047 1516 est.
1104 1451 1222 1515 Parum
1259 1435 1374 1523 recte

169 1561 253 1624 euim
272 1564 309 1626 A.
330 1559 426 1642 Seyff.
443 1563 544 1626 verba
560 1561 723 1642 explicare
739 1560 879 1640 videtur,
904 1559 1015 1623 dicens
1033 1559 1346 1647 „plurisinteresse,

171 1668 247 1748 quid
282 1681 316 1733 et
351 1669 460 1748 qualia
495 1668 632 1733 Calchas
671 1666 951 1748 pronuntiaverit,
991 1684 1087 1745 quam
1128 1672 1206 1745 quot
1247 1665 1347 1728 verba

169 1773 321 1840 4000οἰ0.α
371 1776 434 1840 Sed
456 1777 592 1837 τοσαῦθ’
615 1774 762 1840 indicare
786 1773 928 1855 ridetur,
963 1782 1071 1838 vatem
1096 1772 1153 1836 vix
1181 1778 1230 1836 tot
1253 1771 1347 1835 modo

171 1888 272 1950 verba
295 1887 455 1950 elocutum
481 1905 563 1969 esse,
588 1905 657 1951 cum
684 1887 747 1951 iam
771 1884 884 1950 statim
909 1886 1033 1950 Teucer
1056 1883 1205 1949 nuntium
1230 1882 1347 1947 emisit.

170 1991 217 2058 Of.
250 2012 278 2058 v.
305 1999 369 2056 748
399 1995 554 2056 τοσοῦτον
585 1984 668 2055 οἶδα.
716 1993 751 2059 Ο.
777 1993 809 2058 C.
844 1999 937 2057 1645.
968 1995 1109 2054 τοσαῦτα
1137 1986 1348 2072 φωνήσαντος

169 2095 403 2182 εἰσηκούσαμεν
435 2107 468 2165 et
492 2101 645 2181 permulti
677 2101 734 2165 alii
759 2101 828 2164 loei.
862 2098 866 2185 Ι
901 2101 951 2165 lll.
977 2105 1050 2163 5l8.
1075 2100 1100 2177 γ’
1125 2098 1233 2162 omisit
1258 2098 1347 2162 solus

169 2208 208 2290 G,
235 2226 335 2288 quare
352 2210 389 2271 A.
408 2207 548 2290 Seyffert
572 2208 785 2272 admiratione
809 2226 868 2272 sua
892 2206 1012 2271 codicis
1028 2205 1058 2271 G
1074 2205 1235 2270 adductus
1255 2205 1344 2269 illam

168 2315 362 2394 particulam
399 2315 568 2379 delendam
602 2332 674 2380 esse
705 2321 828 2394 censet;
864 2314 996 2378 minime
1028 2312 1129 2377 recte!
1177 2312 1344 2376 Meliorem

76 2508 79 2514 Ι
168 2421 253 2486 enim
307 2439 436 2486 sensum
490 2426 593 2486 verba
647 2414 767 2503 poetae
814 2423 991 2502 praebent,
1050 2420 1076 2485 si
1124 2438 1159 2498 γε
1206 2425 1345 2483 tenetur.

168 2530 429 2611 Clytaemnestra
473 2529 636 2594 Electram
683 2529 846 2610 increpat,
895 2547 964 2592 eam
1012 2529 1148 2592 absente
1186 2526 1346 2606 Aegistho

168 2654 231 2699 non
272 2636 305 2699 iu
346 2636 479 2701 aedibus
526 2655 673 2715 manere,
721 2637 777 2702 sed
823 2634 903 2700 foris
951 2635 1078 2700 versari
1116 2638 1149 2698 et
1187 2640 1346 2714 cognatas

167 2743 343 2808 criminari.
398 2745 549 2810 Electrae
581 2744 729 2809 convicia
758 2744 1050 2825 Clytaemnestram
1086 2759 1123 2806 eo
1158 2740 1262 2822 magis
1298 2738 1344 2803 of-

166 2850 322 2934 fendunt,
364 2851 438 2931 quia
474 2870 581 2916 coram
622 2851 770 2915 omnibus
804 2849 896 2916 fiunt.
957 2848 1196 2931 „AegisthuS,“
1238 2846 1345 2926 inquit

167 2959 261 3039 Clyt,
298 2959 349 3040 „si
375 2958 513 3038 adesset,
549 2964 582 3023 te
605 2958 789 3041 impediret,
827 2958 998 3039 quominus
1026 2955 1108 3021 foris
1132 2955 1260 3036 quidem
1293 2955 1346 3035 (r)

167 3066 389 3146 001οτ3000εὲί
427 3062 430 3151 7
468 3066 517 3130 ΕΙ.
543 3071 616 3130 593.
647 3065 677 3128 δ’
712 3065 821 3130 omisit
853 3066 940 3130 solus
965 3063 1003 3130 G.
1050 3064 1156 3129 Causa
1188 3080 1253 3126 uon
1284 3066 1344 3142 est,

166 3189 224 3236 our
249 3192 347 3238 unum
372 3173 439 3238 eod.
464 3173 502 3238 G.
526 3191 710 3254 sequamur,
744 3191 814 3237 cum
840 3173 976 3237 aliorum
1002 3172 1157 3236 librorum
1182 3169 1347 3249 scriptura

165 3278 247 3345 ferri
280 3281 390 3361 possit.
428 3277 432 3366 7
468 3281 518 3346 ΕΙ.
543 3286 616 3345 918.
641 3284 718 3343 νῶιν
742 3264 782 3364 ἦν
804 3282 846 3363 L;
881 3282 946 3364 νῷν
975 3279 1005 3341 δ’
1029 3263 1069 3363 ἦν
1092 3277 1225 3358 lGAE,
1260 3275 1345 3356 quod

166 3389 204 3453 A.
223 3387 360 3472 Seyffert
383 3389 563 3470 Bergkium
588 3394 621 3454 et
638 3388 840 3453 Diodorfium
865 3395 997 3453 secutus
1021 3385 1234 3463 commendat,
1260 3383 1345 3464 quod

167 3513 232 3559 non
255 3495 456 3575 probandum
491 3496 570 3561 mihi
601 3495 741 3579 videtur,
779 3495 971 3576 praesertim
996 3513 1068 3559 cum
1092 3494 1155 3558 iam
1180 3492 1215 3556 in
1239 3493 1345 3556 altera

166 3620 283 3668 versus
308 3611 402 3683 parte
425 3604 586 3684 particula
609 3602 644 3667 δὲ
668 3604 807 3685 legatur.

277 3760 321 3829 O.
346 3760 390 3829 Τ.
416 3771 488 3829 221.
513 3756 593 3827 αὐτὸ
617 3765 737 3845 elem,
774 3758 870 3835 αὐτὸς
902 3765 965 3847 (γρ.
991 3755 1083 3844 αὐτὸ)
1116 3762 1156 3843 G,
1194 3755 1281 3844 αὐτῷ
1305 3763 1345 3832 Δ,

169 3862 267 3942 αὐτὸς
291 3872 365 3936 AV³
389 3872 513 3936 Monac.
538 3877 612 3936 500.
643 3874 682 3938 A.
707 3872 814 3955 Seyff,
851 3872 977 3952 Nauck,
1012 3871 1099 3936 Jebo
1128 3861 1225 3938 αὐτὸς
1253 3886 1345 3947 prae-

167 3976 287 4044 ferunt.
339 3978 466 4044 Codicis
495 3979 523 4043 L
553 3980 651 4044 lectio
680 3981 763 4045 nihil
795 3979 982 4045 offensionis
1017 3979 1138 4043 habere
1169 3975 1307 4042 videtur.
1339 3971 1344 4060 7

166 4089 243 4150 439.
275 4080 404 4169 adaugeri
439 4105 550 4152 omnes
586 4087 675 4153 codd.
709 4095 842 4169 praeter
872 4087 911 4168 Gr,
947 4086 1004 4168 qni
1037 4080 1097 4147 κού
1124 4086 1221 4168 σαφῆ,
1258 4082 1344 4163 quod

166 4195 206 4258 A.
231 4193 326 4276 Seyff.
361 4194 433 4259 sine
468 4194 557 4260 iusta
585 4213 684 4261 causa
715 4196 825 4277 aptius
853 4201 956 4277 putat.
993 4191 997 4280 7
1033 4198 1108 4259 478.
1140 4198 1296 4276 πετραῑος
1326 4183 1345 4252 ὁ

165 4304 286 4384 ταῦρος
308 4302 344 4366 L.
378 4309 408 4364 ῑο
432 4302 534 4367 erasit
557 4307 591 4368 et
614 4295 632 4364 ὅ
655 4303 688 4368 in
714 4297 918 4375 demutavit
942 4322 1026 4367 man.
1051 4309 1117 4367 ant.
1153 4297 1345 4387 7πετρα..ς

166 4402 207 4480 ὥς
228 4405 370 4495 ταῦρος7,
393 4416 551 4493 πετραῖος
566 4403 607 4482 ὦς
623 4414 741 4495 ταῦρος
764 4412 839 4496 MV,
863 4414 987 4494 πέτρας
1010 4409 1196 4494 scholiasta,
1221 4411 1347 4490 πέτρας
