<?xml version="1.0" encoding="UTF-8"?>
<!DOCTYPE html PUBLIC "-//W3C//DTD XHTML 1.0 Transitional//EN"
    "http://www.w3.org/TR/xhtml1/DTD/xhtml1-transitional.dtd">
<html xmlns="http://www.w3.org/1999/xhtml" xml:lang="en" lang="en">
 <head>
  <title>
</title>
<meta http-equiv="Content-Type" content="text/html;charset=utf-8" />
  <meta name='ocr-system' content='tesseract 3.04.00' />
  <meta name='ocr-capabilities' content='ocr_page ocr_carea ocr_par ocr_line ocrx_word'/>
</head>
<body>
  <div class='ocr_page' id='page_1' title='image "./desophocliscodi00meifgoog_0014.png"; bbox 0 0 2964 4890; ppageno 0'>
   <div class='ocr_carea' id='block_1_1' title="bbox 159 529 1363 2432">
    <p class='ocr_par' dir='ltr' id='par_1_1' title="bbox 159 529 1363 2432">
     <span class='ocr_line' id='line_1_1' title="bbox 160 529 1339 615; baseline -0.002 -19"><span class='ocrx_word' id='word_1_1' title='bbox 160 531 366 615; x_wconf 78' lang='lat' dir='ltr'>praefatione</span> <span class='ocrx_word' id='word_1_2' title='bbox 390 533 431 598; x_wconf 90' lang='lat' dir='ltr'>ad</span> <span class='ocrx_word' id='word_1_3' title='bbox 455 531 532 598; x_wconf 88' lang='lat' dir='ltr'>Oed.</span> <span class='ocrx_word' id='word_1_4' title='bbox 558 531 666 596; x_wconf 82' lang='lat' dir='ltr'>Oolon.</span> <span class='ocrx_word' id='word_1_5' title='bbox 690 551 720 612; x_wconf 91' lang='lat' dir='ltr'>p.</span> <span class='ocrx_word' id='word_1_6' title='bbox 743 532 806 612; x_wconf 91' lang='lat' dir='ltr'>III,</span> <span class='ocrx_word' id='word_1_7' title='bbox 833 550 928 611; x_wconf 90' lang='lat' dir='ltr'>quam</span> <span class='ocrx_word' id='word_1_8' title='bbox 953 550 1050 596; x_wconf 89' lang='lat' dir='ltr'>unam</span> <span class='ocrx_word' id='word_1_9' title='bbox 1075 530 1167 595; x_wconf 89' lang='lat' dir='ltr'>modo</span> <span class='ocrx_word' id='word_1_10' title='bbox 1191 529 1339 595; x_wconf 87' lang='lat' dir='ltr'>fabulam</span> 
     </span>
     <span class='ocr_line' id='line_1_2' title="bbox 162 637 1340 720; baseline -0.003 -15"><span class='ocrx_word' id='word_1_11' title='bbox 162 659 190 705; x_wconf 91' lang='grc'>1.</span> <span class='ocrx_word' id='word_1_12' title='bbox 230 645 316 705; x_wconf 74' lang='grc'>1883</span> <span class='ocrx_word' id='word_1_13' title='bbox 352 640 448 705; x_wconf 89' lang='lat' dir='ltr'>edere</span> <span class='ocrx_word' id='word_1_14' title='bbox 483 639 513 704; x_wconf 87' lang='grc'>01</span> <span class='ocrx_word' id='word_1_15' title='bbox 549 639 698 720; x_wconf 86' lang='lat' dir='ltr'>contigit.</span> <span class='ocrx_word' id='word_1_16' title='bbox 749 639 828 704; x_wconf 79' lang='lat' dir='ltr'>Cum</span> <span class='ocrx_word' id='word_1_17' title='bbox 863 638 916 704; x_wconf 89' lang='lat' dir='ltr'>vir</span> <span class='ocrx_word' id='word_1_18' title='bbox 950 638 1071 718; x_wconf 89' lang='lat' dir='ltr'>optime</span> <span class='ocrx_word' id='word_1_19' title='bbox 1107 637 1145 702; x_wconf 90' lang='lat' dir='ltr'>de</span> <span class='ocrx_word' id='word_1_20' title='bbox 1180 637 1340 717; x_wconf 83' lang='lat' dir='ltr'>Sophocle</span> 
     </span>
     <span class='ocr_line' id='line_1_3' title="bbox 162 732 1339 828; baseline -0.003 -17"><span class='ocrx_word' id='word_1_21' title='bbox 162 749 299 812; x_wconf 88' lang='lat' dir='ltr'>meritus</span> <span class='ocrx_word' id='word_1_22' title='bbox 331 767 358 812; x_wconf 92' lang='lat' dir='ltr'>a.</span> <span class='ocrx_word' id='word_1_23' title='bbox 395 752 478 812; x_wconf 83' lang='grc'>1886</span> <span class='ocrx_word' id='word_1_24' title='bbox 509 732 599 828; x_wconf 75' lang='grc'>111011</span> <span class='ocrx_word' id='word_1_25' title='bbox 635 764 820 826; x_wconf 89' lang='lat' dir='ltr'>supremum</span> <span class='ocrx_word' id='word_1_26' title='bbox 857 745 1009 827; x_wconf 90' lang='lat' dir='ltr'>obiisset,</span> <span class='ocrx_word' id='word_1_27' title='bbox 1044 745 1242 825; x_wconf 90' lang='lat' dir='ltr'>reliquarum</span> <span class='ocrx_word' id='word_1_28' title='bbox 1279 762 1339 808; x_wconf 87' lang='lat' dir='ltr'>sex</span> 
     </span>
     <span class='ocr_line' id='line_1_4' title="bbox 162 852 1342 936; baseline -0.004 -17"><span class='ocrx_word' id='word_1_29' title='bbox 162 854 405 936; x_wconf 87' lang='lat' dir='ltr'>tragoediarum</span> <span class='ocrx_word' id='word_1_30' title='bbox 444 854 598 918; x_wconf 89' lang='lat' dir='ltr'>lectiones</span> <span class='ocrx_word' id='word_1_31' title='bbox 633 852 850 918; x_wconf 87' lang='lat' dir='ltr'>Laurentiani</span> <span class='ocrx_word' id='word_1_32' title='bbox 889 853 1089 931; x_wconf 88' lang='lat' dir='ltr'>aliorumque</span> <span class='ocrx_word' id='word_1_33' title='bbox 1129 852 1284 916; x_wconf 91' lang='lat' dir='ltr'>librorum</span> <span class='ocrx_word' id='word_1_34' title='bbox 1320 869 1342 914; x_wconf 89' lang='lat' dir='ltr'>e</span> 
     </span>
     <span class='ocr_line' id='line_1_5' title="bbox 162 957 1339 1037; baseline -0.004 -11"><span class='ocrx_word' id='word_1_35' title='bbox 162 961 289 1026; x_wconf 87' lang='lat' dir='ltr'>schedis</span> <span class='ocrx_word' id='word_1_36' title='bbox 320 962 390 1027; x_wconf 90' lang='lat' dir='ltr'>eins</span> <span class='ocrx_word' id='word_1_37' title='bbox 420 958 649 1026; x_wconf 78' lang='lat' dir='ltr'>aGaissordm</span> <span class='ocrx_word' id='word_1_38' title='bbox 680 960 715 1024; x_wconf 90' lang='lat' dir='ltr'>in</span> <span class='ocrx_word' id='word_1_39' title='bbox 746 960 888 1025; x_wconf 81' lang='lat' dir='ltr'>editione</span> <span class='ocrx_word' id='word_1_40' title='bbox 920 978 947 1023; x_wconf 89' lang='lat' dir='ltr'>a.</span> <span class='ocrx_word' id='word_1_41' title='bbox 975 964 1059 1023; x_wconf 78' lang='lat'>1826</span> <span class='ocrx_word' id='word_1_42' title='bbox 1084 957 1203 1023; x_wconf 90' lang='lat' dir='ltr'>Oxonii</span> <span class='ocrx_word' id='word_1_43' title='bbox 1234 957 1339 1037; x_wconf 89' lang='lat' dir='ltr'>publi·</span> 
     </span>
     <span class='ocr_line' id='line_1_6' title="bbox 163 1066 1338 1151; baseline -0.003 -18"><span class='ocrx_word' id='word_1_44' title='bbox 163 1076 255 1134; x_wconf 86' lang='lat' dir='ltr'>eatae</span> <span class='ocrx_word' id='word_1_45' title='bbox 286 1075 372 1133; x_wconf 87' lang='lat' dir='ltr'>sunt</span> <span class='ocrx_word' id='word_1_46' title='bbox 427 1067 490 1133; x_wconf 89' lang='lat' dir='ltr'>Sed</span> <span class='ocrx_word' id='word_1_47' title='bbox 518 1067 704 1151; x_wconf 74' lang='lat' dir='ltr'>ElmsleiuS,</span> <span class='ocrx_word' id='word_1_48' title='bbox 741 1073 778 1132; x_wconf 94' lang='lat' dir='ltr'>ut</span> <span class='ocrx_word' id='word_1_49' title='bbox 814 1067 902 1132; x_wconf 89' lang='lat' dir='ltr'>intra</span> <span class='ocrx_word' id='word_1_50' title='bbox 937 1069 1036 1132; x_wconf 90' lang='lat' dir='ltr'>breve</span> <span class='ocrx_word' id='word_1_51' title='bbox 1071 1071 1198 1146; x_wconf 88' lang='lat' dir='ltr'>tempus</span> <span class='ocrx_word' id='word_1_52' title='bbox 1233 1066 1338 1130; x_wconf 89' lang='lat' dir='ltr'>multa</span> 
     </span>
     <span class='ocr_line' id='line_1_7' title="bbox 161 1172 1338 1256; baseline -0.001 -17"><span class='ocrx_word' id='word_1_53' title='bbox 161 1175 382 1255; x_wconf 80' lang='lat' dir='ltr'>praestiterat,</span> <span class='ocrx_word' id='word_1_54' title='bbox 406 1176 464 1256; x_wconf 89' lang='lat' dir='ltr'>ita,</span> <span class='ocrx_word' id='word_1_55' title='bbox 482 1181 519 1239; x_wconf 94' lang='lat' dir='ltr'>ut</span> <span class='ocrx_word' id='word_1_56' title='bbox 534 1172 600 1238; x_wconf 83' lang='lat' dir='ltr'>fert</span> <span class='ocrx_word' id='word_1_57' title='bbox 616 1181 736 1239; x_wconf 88' lang='lat' dir='ltr'>natura</span> <span class='ocrx_word' id='word_1_58' title='bbox 751 1174 799 1239; x_wconf 88' lang='lat' dir='ltr'>rei</span> <span class='ocrx_word' id='word_1_59' title='bbox 817 1172 1039 1253; x_wconf 87' lang='lat' dir='ltr'>difficillimae,</span> <span class='ocrx_word' id='word_1_60' title='bbox 1065 1189 1135 1237; x_wconf 90' lang='lat' dir='ltr'>cum</span> <span class='ocrx_word' id='word_1_61' title='bbox 1153 1173 1338 1252; x_wconf 80' lang='lat' dir='ltr'>scripturae</span> 
     </span>
     <span class='ocr_line' id='line_1_8' title="bbox 159 1280 1338 1363; baseline -0.002 -18"><span class='ocrx_word' id='word_1_62' title='bbox 159 1282 315 1347; x_wconf 91' lang='lat' dir='ltr'>minutias</span> <span class='ocrx_word' id='word_1_63' title='bbox 340 1283 540 1363; x_wconf 80' lang='lat' dir='ltr'>neglexerat,</span> <span class='ocrx_word' id='word_1_64' title='bbox 565 1287 634 1346; x_wconf 91' lang='lat' dir='ltr'>tum</span> <span class='ocrx_word' id='word_1_65' title='bbox 659 1301 722 1345; x_wconf 96' lang='lat' dir='ltr'>non</span> <span class='ocrx_word' id='word_1_66' title='bbox 749 1282 950 1346; x_wconf 87' lang='lat' dir='ltr'>diversorum</span> <span class='ocrx_word' id='word_1_67' title='bbox 976 1280 1089 1360; x_wconf 92' lang='lat' dir='ltr'>quiin</span> <span class='ocrx_word' id='word_1_68' title='bbox 1115 1280 1198 1344; x_wconf 94' lang='lat' dir='ltr'>libro</span> <span class='ocrx_word' id='word_1_69' title='bbox 1215 1280 1338 1344; x_wconf 86' lang='lat' dir='ltr'>versati</span> 
     </span>
     <span class='ocr_line' id='line_1_9' title="bbox 159 1385 1341 1467; baseline -0.004 -13"><span class='ocrx_word' id='word_1_70' title='bbox 159 1396 237 1454; x_wconf 91' lang='lat' dir='ltr'>sunt</span> <span class='ocrx_word' id='word_1_71' title='bbox 261 1396 480 1454; x_wconf 89' lang='lat' dir='ltr'>correctorum</span> <span class='ocrx_word' id='word_1_72' title='bbox 503 1406 617 1452; x_wconf 89' lang='lat' dir='ltr'>manus</span> <span class='ocrx_word' id='word_1_73' title='bbox 641 1407 680 1452; x_wconf 92' lang='lat' dir='ltr'>ac</span> <span class='ocrx_word' id='word_1_74' title='bbox 703 1407 744 1453; x_wconf 88' lang='lat' dir='ltr'>ne</span> <span class='ocrx_word' id='word_1_75' title='bbox 765 1388 948 1453; x_wconf 88' lang='lat' dir='ltr'>diorthotae</span> <span class='ocrx_word' id='word_1_76' title='bbox 978 1387 1108 1467; x_wconf 88' lang='lat' dir='ltr'>quidem</span> <span class='ocrx_word' id='word_1_77' title='bbox 1138 1386 1194 1467; x_wconf 91' lang='lat' dir='ltr'>qui</span> <span class='ocrx_word' id='word_1_78' title='bbox 1218 1385 1341 1451; x_wconf 81' lang='grc'>(11011111</span> 
     </span>
     <span class='ocr_line' id='line_1_10' title="bbox 160 1494 1363 1584; baseline -0.002 -25"><span class='ocrx_word' id='word_1_79' title='bbox 160 1496 378 1560; x_wconf 85' lang='lat' dir='ltr'>correctiones</span> <span class='ocrx_word' id='word_1_80' title='bbox 403 1495 611 1560; x_wconf 85' lang='lat' dir='ltr'>discreverat.</span> <span class='ocrx_word' id='word_1_81' title='bbox 658 1495 816 1575; x_wconf 88' lang='lat' dir='ltr'>Oedipum</span> <span class='ocrx_word' id='word_1_82' title='bbox 840 1496 1028 1576; x_wconf 80' lang='lat' dir='ltr'>Tyrannum</span> <span class='ocrx_word' id='word_1_83' title='bbox 1061 1494 1165 1575; x_wconf 89' lang='lat' dir='ltr'>igitur</span> <span class='ocrx_word' id='word_1_84' title='bbox 1195 1513 1224 1558; x_wconf 93' lang='lat' dir='ltr'>a.</span> <span class='ocrx_word' id='word_1_85' title='bbox 1251 1499 1363 1584; x_wconf 84' lang='grc'>1848</span> 
     </span>
     <span class='ocr_line' id='line_1_11' title="bbox 162 1601 1340 1685; baseline -0.002 -19"><span class='ocrx_word' id='word_1_86' title='bbox 162 1602 268 1685; x_wconf 83' lang='lat' dir='ltr'>denuo</span> <span class='ocrx_word' id='word_1_87' title='bbox 301 1603 487 1666; x_wconf 85' lang='lat' dir='ltr'>accuratius</span> <span class='ocrx_word' id='word_1_88' title='bbox 518 1601 662 1682; x_wconf 84' lang='lat' dir='ltr'>inspexit</span> <span class='ocrx_word' id='word_1_89' title='bbox 694 1608 727 1666; x_wconf 88' lang='lat' dir='ltr'>et</span> <span class='ocrx_word' id='word_1_90' title='bbox 759 1603 904 1667; x_wconf 82' lang='lat' dir='ltr'>Eilmsleii</span> <span class='ocrx_word' id='word_1_91' title='bbox 938 1602 1142 1666; x_wconf 87' lang='lat' dir='ltr'>collationem</span> <span class='ocrx_word' id='word_1_92' title='bbox 1173 1601 1340 1681; x_wconf 84' lang='lat' dir='ltr'>supplevit</span> 
     </span>
     <span class='ocr_line' id='line_1_12' title="bbox 163 1707 1339 1792; baseline -0.002 -18"><span class='ocrx_word' id='word_1_93' title='bbox 163 1710 257 1774; x_wconf 83' lang='lat' dir='ltr'>Gust.</span> <span class='ocrx_word' id='word_1_94' title='bbox 303 1708 455 1775; x_wconf 87' lang='lat' dir='ltr'>Wolffius</span> <span class='ocrx_word' id='word_1_95' title='bbox 513 1707 610 1792; x_wconf 91' lang='lat' dir='ltr'>[Mus.</span> <span class='ocrx_word' id='word_1_96' title='bbox 657 1709 759 1773; x_wconf 88' lang='lat' dir='ltr'>Rhen.</span> <span class='ocrx_word' id='word_1_97' title='bbox 805 1708 856 1773; x_wconf 88' lang='lat' dir='ltr'>IX</span> <span class='ocrx_word' id='word_1_98' title='bbox 911 1711 1025 1790; x_wconf 82' lang='grc'>(1854)</span> <span class='ocrx_word' id='word_1_99' title='bbox 1077 1729 1106 1789; x_wconf 91' lang='lat' dir='ltr'>p.</span> <span class='ocrx_word' id='word_1_100' title='bbox 1155 1714 1217 1773; x_wconf 93' lang='grc'>118</span> <span class='ocrx_word' id='word_1_101' title='bbox 1246 1707 1339 1789; x_wconf 87' lang='lat' dir='ltr'>sqq.].</span> 
     </span>
     <span class='ocr_line' id='line_1_13' title="bbox 163 1816 1339 1899; baseline 0 -19"><span class='ocrx_word' id='word_1_102' title='bbox 163 1817 281 1880; x_wconf 79' lang='lat' dir='ltr'>Totum</span> <span class='ocrx_word' id='word_1_103' title='bbox 340 1816 457 1881; x_wconf 89' lang='lat' dir='ltr'>deinde</span> <span class='ocrx_word' id='word_1_104' title='bbox 519 1817 659 1881; x_wconf 87' lang='lat' dir='ltr'>codicem</span> <span class='ocrx_word' id='word_1_105' title='bbox 718 1817 878 1899; x_wconf 83' lang='lat' dir='ltr'>singulari</span> <span class='ocrx_word' id='word_1_106' title='bbox 945 1817 1117 1899; x_wconf 82' lang='lat' dir='ltr'>diligentia</span> <span class='ocrx_word' id='word_1_107' title='bbox 1175 1837 1203 1879; x_wconf 89' lang='lat' dir='ltr'>a.</span> <span class='ocrx_word' id='word_1_108' title='bbox 1252 1820 1339 1880; x_wconf 83' lang='grc'>1860</span> 
     </span>
     <span class='ocr_line' id='line_1_14' title="bbox 162 1922 1338 2011; baseline -0.002 -24"><span class='ocrx_word' id='word_1_109' title='bbox 162 1923 253 1988; x_wconf 82' lang='lat' dir='ltr'>Frid.</span> <span class='ocrx_word' id='word_1_110' title='bbox 299 1924 566 1988; x_wconf 88' lang='lat' dir='ltr'>Duebnerus</span> <span class='ocrx_word' id='word_1_111' title='bbox 625 1923 786 2005; x_wconf 84' lang='lat' dir='ltr'>excussit,</span> <span class='ocrx_word' id='word_1_112' title='bbox 849 1924 942 1989; x_wconf 89' lang='lat' dir='ltr'>cuius</span> <span class='ocrx_word' id='word_1_113' title='bbox 997 1924 1171 1989; x_wconf 86' lang='lat' dir='ltr'>collatione</span> <span class='ocrx_word' id='word_1_114' title='bbox 1223 1922 1338 2011; x_wconf 83' lang='lat' dir='ltr'>Guil.</span> 
     </span>
     <span class='ocr_line' id='line_1_15' title="bbox 159 2029 1338 2096; baseline -0.001 -3"><span class='ocrx_word' id='word_1_115' title='bbox 159 2029 437 2095; x_wconf 79' lang='lat' dir='ltr'>Dtndorfius</span> <span class='ocrx_word' id='word_1_116' title='bbox 506 2029 549 2094; x_wconf 91' lang='lat' dir='ltr'>in</span> <span class='ocrx_word' id='word_1_117' title='bbox 616 2030 822 2095; x_wconf 87' lang='lat' dir='ltr'>editione</span> <span class='ocrx_word' id='word_1_118' title='bbox 882 2031 1026 2096; x_wconf 91' lang='lat' dir='ltr'>tertia</span> <span class='ocrx_word' id='word_1_119' title='bbox 1088 2029 1338 2095; x_wconf 89' lang='lat' dir='ltr'>Oxoniensi</span> 
     </span>
     <span class='ocr_line' id='line_1_16' title="bbox 159 2136 1338 2203; baseline 0 -3"><span class='ocrx_word' id='word_1_120' title='bbox 159 2156 187 2200; x_wconf 87' lang='lat' dir='ltr'>a.</span> <span class='ocrx_word' id='word_1_121' title='bbox 222 2142 306 2201; x_wconf 88' lang='grc'>1860</span> <span class='ocrx_word' id='word_1_122' title='bbox 342 2155 421 2201; x_wconf 88' lang='lat' dir='ltr'>usus</span> <span class='ocrx_word' id='word_1_123' title='bbox 456 2146 514 2202; x_wconf 87' lang='lat' dir='ltr'>est.</span> <span class='ocrx_word' id='word_1_124' title='bbox 572 2136 653 2201; x_wconf 88' lang='lat' dir='ltr'>Post</span> <span class='ocrx_word' id='word_1_125' title='bbox 687 2138 896 2203; x_wconf 89' lang='lat' dir='ltr'>Duebnerum</span> <span class='ocrx_word' id='word_1_126' title='bbox 931 2139 1049 2202; x_wconf 90' lang='lat' dir='ltr'>librum</span> <span class='ocrx_word' id='word_1_127' title='bbox 1084 2138 1176 2202; x_wconf 93' lang='lat' dir='ltr'>illum</span> <span class='ocrx_word' id='word_1_128' title='bbox 1212 2136 1249 2203; x_wconf 88' lang='lat' dir='ltr'>L.</span> <span class='ocrx_word' id='word_1_129' title='bbox 1285 2137 1338 2201; x_wconf 89' lang='lat' dir='ltr'>vel</span> 
     </span>
     <span class='ocr_line' id='line_1_17' title="bbox 161 2243 1338 2326; baseline 0.002 -20"><span class='ocrx_word' id='word_1_130' title='bbox 161 2251 273 2322; x_wconf 88' lang='lat' dir='ltr'>partes</span> <span class='ocrx_word' id='word_1_131' title='bbox 311 2244 382 2307; x_wconf 91' lang='lat' dir='ltr'>eius</span> <span class='ocrx_word' id='word_1_132' title='bbox 416 2244 458 2308; x_wconf 88' lang='lat' dir='ltr'>ad</span> <span class='ocrx_word' id='word_1_133' title='bbox 493 2244 634 2310; x_wconf 89' lang='lat' dir='ltr'>edendas</span> <span class='ocrx_word' id='word_1_134' title='bbox 671 2244 839 2324; x_wconf 85' lang='lat' dir='ltr'>Sophoclis</span> <span class='ocrx_word' id='word_1_135' title='bbox 878 2244 1067 2326; x_wconf 83' lang='lat' dir='ltr'>tragoedias</span> <span class='ocrx_word' id='word_1_136' title='bbox 1105 2245 1237 2326; x_wconf 88' lang='lat' dir='ltr'>saepius</span> <span class='ocrx_word' id='word_1_137' title='bbox 1273 2243 1338 2310; x_wconf 84' lang='lat' dir='ltr'>uiri</span> 
     </span>
     <span class='ocr_line' id='line_1_18' title="bbox 162 2349 1337 2432; baseline 0.002 -19"><span class='ocrx_word' id='word_1_138' title='bbox 162 2349 248 2414; x_wconf 87' lang='lat' dir='ltr'>docti</span> <span class='ocrx_word' id='word_1_139' title='bbox 291 2351 563 2415; x_wconf 87' lang='lat' dir='ltr'>examinaverunt</span> <span class='ocrx_word' id='word_1_140' title='bbox 608 2369 672 2415; x_wconf 93' lang='lat' dir='ltr'>non</span> <span class='ocrx_word' id='word_1_141' title='bbox 718 2355 855 2415; x_wconf 92' lang='lat' dir='ltr'>multum</span> <span class='ocrx_word' id='word_1_142' title='bbox 903 2352 1124 2432; x_wconf 89' lang='lat' dir='ltr'>proficientes:</span> <span class='ocrx_word' id='word_1_143' title='bbox 1172 2353 1337 2416; x_wconf 82' lang='lat' dir='ltr'>Electram</span> 
     </span>
    </p>
   </div>
   <div class='ocr_carea' id='block_1_2' title="bbox 159 2454 1337 2646">
    <p class='ocr_par' dir='ltr' id='par_1_2' title="bbox 159 2454 1337 2646">
     <span class='ocr_line' id='line_1_19' title="bbox 160 2454 1337 2540; baseline 0.003 -21"><span class='ocrx_word' id='word_1_144' title='bbox 160 2454 302 2520; x_wconf 82' lang='lat' dir='ltr'>fabulam</span> <span class='ocrx_word' id='word_1_145' title='bbox 327 2457 361 2520; x_wconf 89' lang='lat'>1&#39;11</span> <span class='ocrx_word' id='word_1_146' title='bbox 386 2456 517 2522; x_wconf 89' lang='lat' dir='ltr'>Ottonis</span> <span class='ocrx_word' id='word_1_147' title='bbox 533 2457 647 2522; x_wconf 87' lang='lat' dir='ltr'>Jahnii</span> <span class='ocrx_word' id='word_1_148' title='bbox 673 2476 766 2523; x_wconf 90' lang='lat' dir='ltr'>usum</span> <span class='ocrx_word' id='word_1_149' title='bbox 787 2458 885 2540; x_wconf 89' lang='lat' dir='ltr'>Hugo</span> <span class='ocrx_word' id='word_1_150' title='bbox 908 2457 1119 2538; x_wconf 86' lang='lat' dir='ltr'>Hinckius*),</span> <span class='ocrx_word' id='word_1_151' title='bbox 1143 2458 1337 2522; x_wconf 79' lang='lat' dir='ltr'>Trachinius</span> 
     </span>
     <span class='ocr_line' id='line_1_20' title="bbox 159 2560 1335 2646; baseline 0.003 -20"><span class='ocrx_word' id='word_1_152' title='bbox 159 2582 187 2627; x_wconf 91' lang='grc'>1.</span> <span class='ocrx_word' id='word_1_153' title='bbox 202 2567 287 2626; x_wconf 92' lang='grc'>1876</span> <span class='ocrx_word' id='word_1_154' title='bbox 302 2561 545 2644; x_wconf 64' lang='lat' dir='ltr'>snukoffiusrr)</span> <span class='ocrx_word' id='word_1_155' title='bbox 559 2560 706 2646; x_wconf 90' lang='lat' dir='ltr'>contulit,</span> <span class='ocrx_word' id='word_1_156' title='bbox 722 2573 825 2629; x_wconf 84' lang='lat' dir='ltr'>toturn</span> <span class='ocrx_word' id='word_1_157' title='bbox 839 2565 981 2630; x_wconf 89' lang='lat' dir='ltr'>codicem</span> <span class='ocrx_word' id='word_1_158' title='bbox 995 2565 1100 2630; x_wconf 90' lang='lat' dir='ltr'>denuo</span> <span class='ocrx_word' id='word_1_159' title='bbox 1117 2584 1144 2629; x_wconf 90' lang='lat' dir='ltr'>a.</span> <span class='ocrx_word' id='word_1_160' title='bbox 1162 2570 1335 2629; x_wconf 86' lang='grc'>1879-81</span> 
     </span>
    </p>
   </div>
   <div class='ocr_carea' id='block_1_3' title="bbox 158 2666 1337 2843">
    <p class='ocr_par' dir='ltr' id='par_1_3' title="bbox 158 2666 1337 2843">
     <span class='ocr_line' id='line_1_21' title="bbox 158 2666 1337 2758; baseline 0.002 -24"><span class='ocrx_word' id='word_1_161' title='bbox 158 2669 468 2755; x_wconf 82' lang='lat' dir='ltr'>Campbellius***),</span> <span class='ocrx_word' id='word_1_162' title='bbox 497 2691 526 2736; x_wconf 89' lang='lat' dir='ltr'>a.</span> <span class='ocrx_word' id='word_1_163' title='bbox 553 2675 637 2735; x_wconf 78' lang='lat'>1882</span> <span class='ocrx_word' id='word_1_164' title='bbox 660 2666 854 2758; x_wconf 82' lang='lat' dir='ltr'>Jebbins†),</span> <span class='ocrx_word' id='word_1_165' title='bbox 890 2690 994 2752; x_wconf 89' lang='lat' dir='ltr'>nuper</span> <span class='ocrx_word' id='word_1_166' title='bbox 1027 2673 1228 2738; x_wconf 91' lang='lat' dir='ltr'>Schubertus</span> <span class='ocrx_word' id='word_1_167' title='bbox 1265 2691 1337 2752; x_wconf 88' lang='lat' dir='ltr'>pcr-</span> 
     </span>
     <span class='ocr_line' id='line_1_22' title="bbox 160 2776 410 2843; baseline 0.004 -4"><span class='ocrx_word' id='word_1_168' title='bbox 160 2776 299 2840; x_wconf 89' lang='lat' dir='ltr'>scrutati</span> <span class='ocrx_word' id='word_1_169' title='bbox 322 2785 410 2843; x_wconf 88' lang='lat' dir='ltr'>sunt.</span> 
     </span>
    </p>
   </div>
   <div class='ocr_carea' id='block_1_4' title="bbox 267 2920 1451 2987">
    <p class='ocr_par' dir='ltr' id='par_1_4' title="bbox 267 2920 1451 2987">
     <span class='ocr_line' id='line_1_23' title="bbox 267 2920 1451 2987; baseline 0.002 -3"><span class='ocrx_word' id='word_1_170' title='bbox 267 2920 425 2985; x_wconf 87' lang='lat' dir='ltr'>Minorem</span> <span class='ocrx_word' id='word_1_171' title='bbox 443 2940 551 2986; x_wconf 87' lang='lat' dir='ltr'>curam</span> <span class='ocrx_word' id='word_1_172' title='bbox 569 2920 632 2986; x_wconf 90' lang='lat' dir='ltr'>viri</span> <span class='ocrx_word' id='word_1_173' title='bbox 650 2921 736 2986; x_wconf 90' lang='lat' dir='ltr'>docti</span> <span class='ocrx_word' id='word_1_174' title='bbox 760 2921 801 2986; x_wconf 93' lang='lat' dir='ltr'>ad</span> <span class='ocrx_word' id='word_1_175' title='bbox 818 2922 940 2986; x_wconf 92' lang='lat' dir='ltr'>scholia</span> <span class='ocrx_word' id='word_1_176' title='bbox 956 2922 1174 2987; x_wconf 89' lang='lat' dir='ltr'>contulerunt.</span> <span class='ocrx_word' id='word_1_177' title='bbox 1205 2923 1337 2986; x_wconf 84' lang='lat' dir='ltr'>Scholia</span> <span class='ocrx_word' id='word_1_178' title='bbox 1446 2938 1451 2947; x_wconf 89' lang='grc'><strong><em>·</em></strong></span> 
     </span>
    </p>
   </div>
   <div class='ocr_carea' id='block_1_5' title="bbox 157 3023 1338 3736">
    <p class='ocr_par' dir='ltr' id='par_1_5' title="bbox 157 3023 1338 3736">
     <span class='ocr_line' id='line_1_24' title="bbox 157 3023 1336 3121; baseline 0.002 -31"><span class='ocrx_word' id='word_1_179' title='bbox 157 3023 244 3090; x_wconf 89' lang='lat' dir='ltr'>enim</span> <span class='ocrx_word' id='word_1_180' title='bbox 267 3032 391 3121; x_wconf 91' lang='lat' dir='ltr'>vetera,</span> <span class='ocrx_word' id='word_1_181' title='bbox 415 3027 525 3093; x_wconf 89' lang='lat' dir='ltr'>eadem</span> <span class='ocrx_word' id='word_1_182' title='bbox 551 3034 662 3093; x_wconf 90' lang='lat' dir='ltr'>aetate</span> <span class='ocrx_word' id='word_1_183' title='bbox 685 3047 749 3109; x_wconf 90' lang='lat' dir='ltr'>qua</span> <span class='ocrx_word' id='word_1_184' title='bbox 771 3030 873 3094; x_wconf 88' lang='lat' dir='ltr'>verba</span> <span class='ocrx_word' id='word_1_185' title='bbox 895 3035 1010 3109; x_wconf 90' lang='lat' dir='ltr'>poetae</span> <span class='ocrx_word' id='word_1_186' title='bbox 1027 3030 1061 3093; x_wconf 91' lang='lat' dir='ltr'>in</span> <span class='ocrx_word' id='word_1_187' title='bbox 1078 3029 1336 3092; x_wconf 86' lang='lat' dir='ltr'>Laurentianum</span> 
     </span>
     <span class='ocr_line' id='line_1_25' title="bbox 157 3131 1336 3216; baseline 0.003 -20"><span class='ocrx_word' id='word_1_188' title='bbox 157 3131 263 3216; x_wconf 89' lang='lat' dir='ltr'>illata,</span> <span class='ocrx_word' id='word_1_189' title='bbox 287 3152 372 3214; x_wconf 88' lang='lat' dir='ltr'>quae</span> <span class='ocrx_word' id='word_1_190' title='bbox 393 3135 597 3216; x_wconf 88' lang='lat' dir='ltr'>segreganda</span> <span class='ocrx_word' id='word_1_191' title='bbox 621 3141 699 3200; x_wconf 91' lang='lat' dir='ltr'>sunt</span> <span class='ocrx_word' id='word_1_192' title='bbox 722 3137 762 3200; x_wconf 92' lang='lat' dir='ltr'>ab</span> <span class='ocrx_word' id='word_1_193' title='bbox 786 3136 852 3201; x_wconf 88' lang='lat' dir='ltr'>illis</span> <span class='ocrx_word' id='word_1_194' title='bbox 876 3136 1111 3201; x_wconf 87' lang='lat' dir='ltr'>recentissimis</span> <span class='ocrx_word' id='word_1_195' title='bbox 1133 3134 1266 3200; x_wconf 85' lang='lat' dir='ltr'>scholiis</span> <span class='ocrx_word' id='word_1_196' title='bbox 1284 3137 1336 3200; x_wconf 93' lang='lat' dir='ltr'>vel</span> 
     </span>
     <span class='ocr_line' id='line_1_26' title="bbox 157 3239 1336 3326; baseline 0.003 -22"><span class='ocrx_word' id='word_1_197' title='bbox 157 3240 278 3320; x_wconf 82' lang='lat' dir='ltr'>glossis</span> <span class='ocrx_word' id='word_1_198' title='bbox 311 3239 387 3306; x_wconf 90' lang='lat' dir='ltr'>inde</span> <span class='ocrx_word' id='word_1_199' title='bbox 416 3260 436 3305; x_wconf 89' lang='grc'>1</span> <span class='ocrx_word' id='word_1_200' title='bbox 463 3260 548 3307; x_wconf 90' lang='lat' dir='ltr'>saec.</span> <span class='ocrx_word' id='word_1_201' title='bbox 579 3241 665 3307; x_wconf 88' lang='lat' dir='ltr'>XIII</span> <span class='ocrx_word' id='word_1_202' title='bbox 701 3260 802 3322; x_wconf 87' lang='lat' dir='ltr'>nsque</span> <span class='ocrx_word' id='word_1_203' title='bbox 837 3244 878 3308; x_wconf 89' lang='lat' dir='ltr'>ad</span> <span class='ocrx_word' id='word_1_204' title='bbox 910 3244 992 3309; x_wconf 87' lang='lat' dir='ltr'>XVI</span> <span class='ocrx_word' id='word_1_205' title='bbox 1029 3243 1158 3326; x_wconf 86' lang='lat' dir='ltr'>additis,</span> <span class='ocrx_word' id='word_1_206' title='bbox 1196 3243 1336 3323; x_wconf 90' lang='lat' dir='ltr'>primum</span> 
     </span>
     <span class='ocr_line' id='line_1_27' title="bbox 157 3349 1336 3432; baseline 0.003 -22"><span class='ocrx_word' id='word_1_207' title='bbox 157 3364 186 3412; x_wconf 91' lang='lat' dir='ltr'>a.</span> <span class='ocrx_word' id='word_1_208' title='bbox 214 3350 298 3411; x_wconf 85' lang='lat'>1518</span> <span class='ocrx_word' id='word_1_209' title='bbox 322 3366 364 3413; x_wconf 89' lang='lat' dir='ltr'>ex</span> <span class='ocrx_word' id='word_1_210' title='bbox 386 3351 575 3431; x_wconf 89' lang='lat' dir='ltr'>apographo</span> <span class='ocrx_word' id='word_1_211' title='bbox 605 3350 818 3432; x_wconf 87' lang='lat' dir='ltr'>neglegenter</span> <span class='ocrx_word' id='word_1_212' title='bbox 840 3349 928 3414; x_wconf 87' lang='lat' dir='ltr'>facto</span> <span class='ocrx_word' id='word_1_213' title='bbox 952 3369 971 3413; x_wconf 87' lang='lat' dir='ltr'>a</span> <span class='ocrx_word' id='word_1_214' title='bbox 995 3350 1147 3414; x_wconf 78' lang='lat' dir='ltr'>Ioanne</span> <span class='ocrx_word' id='word_1_215' title='bbox 1171 3349 1336 3414; x_wconf 85' lang='lat' dir='ltr'>Lascari</span> 
     </span>
     <span class='ocr_line' id='line_1_28' title="bbox 158 3453 1338 3537; baseline 0.001 -18"><span class='ocrx_word' id='word_1_216' title='bbox 158 3453 279 3520; x_wconf 90' lang='lat' dir='ltr'>Romae</span> <span class='ocrx_word' id='word_1_217' title='bbox 317 3455 407 3520; x_wconf 90' lang='lat' dir='ltr'>edita</span> <span class='ocrx_word' id='word_1_218' title='bbox 446 3462 542 3535; x_wconf 88' lang='lat' dir='ltr'>sunt,</span> <span class='ocrx_word' id='word_1_219' title='bbox 589 3474 690 3535; x_wconf 89' lang='lat' dir='ltr'>quare</span> <span class='ocrx_word' id='word_1_220' title='bbox 737 3456 902 3521; x_wconf 88' lang='lat' dir='ltr'>scholia</span> <span class='ocrx_word' id='word_1_221' title='bbox 942 3457 1125 3521; x_wconf 88' lang='lat' dir='ltr'>Romana</span> <span class='ocrx_word' id='word_1_222' title='bbox 1171 3457 1338 3537; x_wconf 88' lang='lat' dir='ltr'>prioribus</span> 
     </span>
     <span class='ocr_line' id='line_1_29' title="bbox 158 3562 1336 3643; baseline 0.003 -19"><span class='ocrx_word' id='word_1_223' title='bbox 158 3562 356 3641; x_wconf 87' lang='lat' dir='ltr'>temporibus</span> <span class='ocrx_word' id='word_1_224' title='bbox 390 3563 652 3628; x_wconf 86' lang='lat' dir='ltr'>nominabantur.</span> <span class='ocrx_word' id='word_1_225' title='bbox 705 3563 889 3643; x_wconf 79' lang='lat' dir='ltr'>Principem</span> <span class='ocrx_word' id='word_1_226' title='bbox 922 3563 1024 3627; x_wconf 90' lang='lat' dir='ltr'>illam</span> <span class='ocrx_word' id='word_1_227' title='bbox 1047 3563 1222 3628; x_wconf 85' lang='grc'>0111101011</span> <span class='ocrx_word' id='word_1_228' title='bbox 1254 3564 1336 3627; x_wconf 92' lang='lat' dir='ltr'>nihil</span> 
     </span>
     <span class='ocr_line' id='line_1_30' title="bbox 158 3669 1338 3736; baseline 0.002 -4"><span class='ocrx_word' id='word_1_229' title='bbox 158 3675 288 3734; x_wconf 89' lang='lat' dir='ltr'>mutans</span> <span class='ocrx_word' id='word_1_230' title='bbox 315 3669 451 3736; x_wconf 88' lang='lat' dir='ltr'>iteravit</span> <span class='ocrx_word' id='word_1_231' title='bbox 482 3670 669 3735; x_wconf 89' lang='lat' dir='ltr'>Brunckius</span> <span class='ocrx_word' id='word_1_232' title='bbox 696 3689 724 3734; x_wconf 92' lang='lat' dir='ltr'>a.</span> <span class='ocrx_word' id='word_1_233' title='bbox 752 3675 846 3734; x_wconf 84' lang='lat'>1786.</span> <span class='ocrx_word' id='word_1_234' title='bbox 903 3671 942 3734; x_wconf 84' lang='lat' dir='ltr'>A.</span> <span class='ocrx_word' id='word_1_235' title='bbox 969 3673 1054 3734; x_wconf 78' lang='lat' dir='ltr'>lano</span> <span class='ocrx_word' id='word_1_236' title='bbox 1087 3671 1338 3735; x_wconf 83' lang='lat' dir='ltr'>Elmsleius</span> 
     </span>
    </p>
   </div>
   <div class='ocr_carea' id='block_1_6' title="bbox 188 3879 1337 4395">
    <p class='ocr_par' dir='ltr' id='par_1_6' title="bbox 188 3879 1337 4395">
     <span class='ocr_line' id='line_1_31' title="bbox 221 3879 1227 3949; baseline 0 -14"><span class='ocrx_word' id='word_1_237' title='bbox 221 3881 247 3946; x_wconf 75' lang='lat' dir='ltr'>*l</span> <span class='ocrx_word' id='word_1_238' title='bbox 267 3881 348 3949; x_wconf 86' lang='lat' dir='ltr'>Soph.</span> <span class='ocrx_word' id='word_1_239' title='bbox 367 3880 476 3934; x_wconf 82' lang='lat' dir='ltr'>Electra</span> <span class='ocrx_word' id='word_1_240' title='bbox 496 3881 535 3934; x_wconf 90' lang='lat' dir='ltr'>ed.</span> <span class='ocrx_word' id='word_1_241' title='bbox 556 3879 586 3934; x_wconf 91' lang='grc' dir='ltr'>Ο.</span> <span class='ocrx_word' id='word_1_242' title='bbox 605 3881 687 3936; x_wconf 84' lang='lat' dir='ltr'>Jahn.</span> <span class='ocrx_word' id='word_1_243' title='bbox 707 3881 756 3934; x_wconf 85' lang='lat' dir='ltr'>Ed.</span> <span class='ocrx_word' id='word_1_244' title='bbox 776 3881 820 3934; x_wconf 96' lang='grc' dir='ltr'>ΙΠ</span> <span class='ocrx_word' id='word_1_245' title='bbox 839 3896 893 3934; x_wconf 88' lang='lat' dir='ltr'>cur.</span> <span class='ocrx_word' id='word_1_246' title='bbox 913 3881 963 3936; x_wconf 83' lang='lat' dir='ltr'>Ad.</span> <span class='ocrx_word' id='word_1_247' title='bbox 983 3881 1130 3936; x_wconf 87' lang='lat' dir='ltr'>Michaelis.</span> <span class='ocrx_word' id='word_1_248' title='bbox 1150 3881 1227 3935; x_wconf 89' lang='grc'>1884.</span> 
     </span>
     <span class='ocr_line' id='line_1_32' title="bbox 204 3968 917 4038; baseline 0.001 -14"><span class='ocrx_word' id='word_1_249' title='bbox 204 3968 246 4035; x_wconf 77' lang='grc'>**)</span> <span class='ocrx_word' id='word_1_250' title='bbox 266 3970 345 4038; x_wconf 88' lang='lat' dir='ltr'>Soph.</span> <span class='ocrx_word' id='word_1_251' title='bbox 366 3970 463 4023; x_wconf 86' lang='lat' dir='ltr'>Trach.</span> <span class='ocrx_word' id='word_1_252' title='bbox 481 3985 533 4023; x_wconf 91' lang='lat' dir='ltr'>rec.</span> <span class='ocrx_word' id='word_1_253' title='bbox 553 3968 672 4023; x_wconf 88' lang='lat' dir='ltr'>Subkoff.</span> <span class='ocrx_word' id='word_1_254' title='bbox 691 3971 820 4035; x_wconf 85' lang='lat' dir='ltr'>Mosquae</span> <span class='ocrx_word' id='word_1_255' title='bbox 839 3971 917 4025; x_wconf 90' lang='grc'>1879.</span> 
     </span>
     <span class='ocr_line' id='line_1_33' title="bbox 188 4057 1335 4127; baseline -0.002 -14"><span class='ocrx_word' id='word_1_256' title='bbox 188 4057 245 4124; x_wconf 82' lang='grc'>***)</span> <span class='ocrx_word' id='word_1_257' title='bbox 266 4059 354 4126; x_wconf 89' lang='lat' dir='ltr'>Soph.,</span> <span class='ocrx_word' id='word_1_258' title='bbox 374 4058 432 4112; x_wconf 83' lang='lat' dir='ltr'>The</span> <span class='ocrx_word' id='word_1_259' title='bbox 450 4058 526 4125; x_wconf 86' lang='lat' dir='ltr'>plays</span> <span class='ocrx_word' id='word_1_260' title='bbox 546 4059 597 4111; x_wconf 89' lang='lat' dir='ltr'>and</span> <span class='ocrx_word' id='word_1_261' title='bbox 617 4057 770 4127; x_wconf 85' lang='lat' dir='ltr'>fragments</span> <span class='ocrx_word' id='word_1_262' title='bbox 789 4060 830 4113; x_wconf 90' lang='lat' dir='ltr'>ed.</span> <span class='ocrx_word' id='word_1_263' title='bbox 849 4059 884 4127; x_wconf 84' lang='lat' dir='ltr'>by</span> <span class='ocrx_word' id='word_1_264' title='bbox 903 4061 933 4115; x_wconf 89' lang='lat' dir='ltr'>L.</span> <span class='ocrx_word' id='word_1_265' title='bbox 954 4058 1097 4127; x_wconf 82' lang='lat' dir='ltr'>Campbell.</span> <span class='ocrx_word' id='word_1_266' title='bbox 1128 4057 1230 4112; x_wconf 86' lang='lat' dir='ltr'>Oxford</span> <span class='ocrx_word' id='word_1_267' title='bbox 1249 4058 1335 4111; x_wconf 85' lang='lat' dir='ltr'>volI</span> 
     </span>
     <span class='ocr_line' id='line_1_34' title="bbox 262 4147 763 4214; baseline 0.006 -12"><span class='ocrx_word' id='word_1_268' title='bbox 262 4148 339 4214; x_wconf 89' lang='grc'>1871,</span> <span class='ocrx_word' id='word_1_269' title='bbox 359 4147 400 4201; x_wconf 91' lang='lat' dir='ltr'>ed.</span> <span class='ocrx_word' id='word_1_270' title='bbox 418 4147 447 4201; x_wconf 90' lang='lat' dir='ltr'><strong>H</strong></span> <span class='ocrx_word' id='word_1_271' title='bbox 467 4147 544 4201; x_wconf 86' lang='grc'>1880.</span> <span class='ocrx_word' id='word_1_272' title='bbox 562 4148 615 4202; x_wconf 81' lang='lat' dir='ltr'>vol.</span> <span class='ocrx_word' id='word_1_273' title='bbox 634 4148 663 4201; x_wconf 93' lang='lat' dir='ltr'>II</span> <span class='ocrx_word' id='word_1_274' title='bbox 684 4149 763 4206; x_wconf 88' lang='grc'>1881.</span> 
     </span>
     <span class='ocr_line' id='line_1_35' title="bbox 212 4235 1337 4306; baseline -0.002 -16"><span class='ocrx_word' id='word_1_275' title='bbox 212 4237 243 4306; x_wconf 87' lang='lat'>†)</span> <span class='ocrx_word' id='word_1_276' title='bbox 263 4236 350 4305; x_wconf 86' lang='lat' dir='ltr'>Soph.,</span> <span class='ocrx_word' id='word_1_277' title='bbox 380 4237 438 4290; x_wconf 83' lang='lat' dir='ltr'>The</span> <span class='ocrx_word' id='word_1_278' title='bbox 461 4237 539 4303; x_wconf 81' lang='lat' dir='ltr'>plays</span> <span class='ocrx_word' id='word_1_279' title='bbox 565 4238 619 4290; x_wconf 87' lang='lat' dir='ltr'>and</span> <span class='ocrx_word' id='word_1_280' title='bbox 643 4236 741 4306; x_wconf 85' lang='lat' dir='ltr'>fragm.</span> <span class='ocrx_word' id='word_1_281' title='bbox 769 4237 803 4306; x_wconf 85' lang='lat' dir='ltr'>by</span> <span class='ocrx_word' id='word_1_282' title='bbox 828 4238 861 4294; x_wconf 87' lang='lat' dir='ltr'>R.</span> <span class='ocrx_word' id='word_1_283' title='bbox 887 4238 915 4293; x_wconf 82' lang='lat' dir='ltr'>G.</span> <span class='ocrx_word' id='word_1_284' title='bbox 939 4237 1016 4293; x_wconf 92' lang='lat' dir='ltr'>Jehb.</span> <span class='ocrx_word' id='word_1_285' title='bbox 1037 4236 1207 4305; x_wconf 87' lang='lat' dir='ltr'>Cambridge.</span> <span class='ocrx_word' id='word_1_286' title='bbox 1230 4238 1245 4291; x_wconf 95' lang='lat' dir='ltr'>I</span> <span class='ocrx_word' id='word_1_287' title='bbox 1269 4235 1337 4290; x_wconf 82' lang='lat' dir='ltr'>Oed.</span> 
     </span>
     <span class='ocr_line' id='line_1_36' title="bbox 262 4323 1042 4395; baseline 0.005 -16"><span class='ocrx_word' id='word_1_288' title='bbox 262 4325 326 4394; x_wconf 78' lang='lat' dir='ltr'>Tyr.</span> <span class='ocrx_word' id='word_1_289' title='bbox 348 4327 424 4381; x_wconf 87' lang='lat'>1883.</span> <span class='ocrx_word' id='word_1_290' title='bbox 461 4323 574 4380; x_wconf 83' lang='lat' dir='ltr'>110ed.</span> <span class='ocrx_word' id='word_1_291' title='bbox 594 4326 649 4381; x_wconf 89' lang='lat' dir='ltr'>Col.</span> <span class='ocrx_word' id='word_1_292' title='bbox 670 4328 749 4382; x_wconf 83' lang='grc'>1881.</span> <span class='ocrx_word' id='word_1_293' title='bbox 786 4328 830 4382; x_wconf 94' lang='grc' dir='ltr'>ΠΙ</span> <span class='ocrx_word' id='word_1_294' title='bbox 848 4328 943 4395; x_wconf 87' lang='lat' dir='ltr'>Antig.</span> <span class='ocrx_word' id='word_1_295' title='bbox 964 4328 1042 4383; x_wconf 83' lang='lat'>1888.</span> 
     </span>
    </p>
   </div>
   <div class='ocr_carea' id='block_1_7' title="bbox 0 0 1486 4890">
    <p class='ocr_par' dir='ltr' id='par_1_7' title="bbox 0 0 1486 4890">
     <span class='ocr_line' id='line_1_37' title="bbox 0 0 1486 4890; baseline 0 1"><span class='ocrx_word' id='word_1_296' title='bbox 0 0 1486 4890; x_wconf 95' lang='lat' dir='ltr'> </span> 
     </span>
    </p>
   </div>
  </div>
 </body>
</html>
