2964 4890
654 318 877 376 ..72-

176 515 267 574 recte
291 508 328 590 L,
360 504 392 569 εἰ
413 507 451 586 Ε,
483 508 537 569 καὶ
560 509 590 571 A
627 504 630 592 l
669 513 743 571 235.
767 511 1002 590 πεπραγμένος
1025 506 1108 589 LA,
1144 506 1367 590 δεδραγμένος

60 782 63 787 y
176 704 290 784 schol,
315 633 531 785 δεδῗδξμένος
553 702 591 784 Ε,
616 707 849 786 πεφραγμένος
866 703 1071 784 Vat.Aug.b
1096 699 1100 788 1
1128 709 1201 769 504.
1222 695 1365 765 ἄνδεὶνει

181 811 543 891 LFchDCEAug,
568 802 724 872 ἁνδάνειν
746 817 835 875 recte
859 810 934 875 AV³
959 811 1028 875 rell.
1053 806 1058 894 Ι
1087 815 1180 874 1275.
1204 804 1364 893 λακποίτη

179 919 220 999 L,
255 913 467 1000 λακπάτητον
497 898 561 999 LE,
597 910 657 990 λὰξ
686 913 834 1001 adeptor·
866 917 904 998 Ε,
939 913 1153 1001 λεωπαῑτητον
1190 914 1253 1004 [γρ.
1282 916 1363 979 λαο-

177 1019 346 1111 πάτρων]
371 1028 400 1091 Α
438 1021 441 1111 l
479 1024 517 1088 cf.
543 1031 606 1089 643
633 1025 675 1108 [p.
699 1021 765 1110 40].
802 1031 862 1089 cer
891 1024 933 1107 [p.
957 1023 1024 1107 41].
1062 1031 1112 1089 oe.
1144 1030 1240 1089 troo.
1276 1029 1361 1089 1197

179 1135 223 1214 lp.
249 1132 315 1215 43].
343 1138 427 1196 1098
454 1131 494 1215 [p.
520 1128 586 1217 44].
611 1136 684 1196 467.
711 1138 783 1195 597.
809 1138 873 1196 855
900 1128 942 1217 [p.
966 1128 1032 1216 45].
1056 1167 1101 1177 -
1125 1131 1189 1197 Sed
1213 1131 1364 1197 innume·

179 1241 342 1306 rabilibus
378 1239 451 1303 aliis
483 1238 570 1319 locis,
602 1257 686 1318 ¹quos
717 1257 907 1303 enumerare
940 1239 1073 1319 longum
1105 1244 1165 1321 est,
1202 1238 1304 1303 codex
1335 1238 1364 1303 ll

181 1348 278 1428 plane
304 1365 374 1411 cum
392 1349 421 1409 A
438 1345 588 1428 concinit,
614 1345 662 1409 ita
686 1351 723 1409 ut
745 1345 798 1408 hic
823 1345 913 1425 liber,
938 1352 1096 1426 quantum
1120 1345 1249 1426 quidem
1275 1364 1365 1410 nunc

180 1453 331 1535 cognosci
356 1460 473 1533 potest,
510 1452 641 1532 propius
665 1451 706 1515 ad
730 1452 760 1514 A
785 1470 880 1532 quam
905 1452 945 1516 ad
969 1452 997 1517 L
1022 1453 1174 1518 accedere
1198 1452 1363 1518 videatur.

182 1561 325 1642 Lipsius
353 1567 389 1623 ut
411 1559 475 1622 iam
501 1559 775 1640 supradiximus,
800 1560 934 1639 iudicat,
967 1560 1108 1625 codicem
1133 1560 1162 1623 E
1186 1578 1257 1625 cum
1282 1555 1365 1624 ¹non·

183 1668 283 1732 nullis
315 1667 388 1730 aliis
419 1665 511 1730 libris
547 1663 598 1751 [B,
625 1666 709 1749 Vat,
738 1668 821 1747 Aug.
846 1665 878 1748 b]
915 1684 955 1730 ex
986 1668 1176 1731 recensione
1206 1666 1364 1749 anonymi

178 1774 349 1839 cuiusdam
377 1771 557 1853 proiectum
582 1791 663 1838 esse.

289 1897 445 1962 Eiusdem
463 1896 531 1962 fere
555 1898 753 1962 condicionis
777 1906 876 1979 atque
890 1899 1062 1964 Parisinus
1078 1901 1116 1981 Ε,
1142 1898 1200 1964 sed
1217 1897 1365 1963 melioris

181 2012 281 2093 notae
305 2012 356 2069 est
380 2004 481 2068 codex
505 2003 703 2069 Bodleianus
728 2007 821 2069 Auct.
838 2006 875 2070 F.
894 2013 921 2070 3.
947 2013 987 2070 25
1013 2007 1065 2072 vel
1090 2006 1192 2071 Laud.
1208 2005 1300 2071 Misc.
1319 2011 1362 2070 99

182 2114 237 2179 rel
267 2111 465 2177 Bodleiauus
496 2117 581 2175 2929
619 2111 694 2176 bibl.
723 2112 924 2177 Bodleianae
951 2113 1156 2190 Oxoniensis‚
1192 2112 1305 2177 littera
1334 2112 1364 2178 Ο

182 2220 343 2301 signatus,
381 2219 435 2298 qui
459 2227 588 2298 praeter
612 2219 677 2282 alia
702 2225 769 2284 tres
793 2220 918 2300 priores
943 2220 1111 2301 Sophoclis
1135 2219 1263 2284 tabulas
1296 2216 1364 2305 [Αἰ.

182 2327 233 2391 ΕΙ.
258 2326 294 2392 Ο.
318 2323 366 2411 P]
401 2326 545 2391 continet
570 2334 604 2390 et
626 2345 710 2391 saec.
734 2326 815 2391 XIV
839 2327 972 2392 videtur
995 2328 1138 2407 scriptus
1163 2345 1242 2392 esse.
1290 2325 1364 2409 Quo

181 2434 223 2498 de
246 2434 330 2498 libro
354 2440 505 2498 accurate
529 2433 684 2498 disseruit
707 2444 741 2498 et
764 2435 946 2514 complures
963 2434 1188 2499 memorabiles
1204 2433 1365 2499 lectiones

183 2541 326 2606 eiusdem
352 2540 391 2604 ad
417 2541 580 2604 Electram
610 2540 813 2620 pertinentes
842 2540 1025 2618 publicavit
1048 2543 1093 2606 Io.
1119 2540 1304 2606 Messenius
1328 2542 1364 2605 in

183 2647 473 2729 disputatiuncula,
502 2665 583 2725 quae
608 2646 776 2725 Sophoclis
799 2646 936 2710 editioni
960 2666 979 2709 a
1004 2647 1203 2728 Oampbellio
1227 2654 1365 2713 curatae

179 2755 296 2818 addita
320 2760 370 2818 est
394 2752 471 2834 (vol.
497 2752 540 2832 ΙΙ,
568 2759 662 2835 1881,
689 2772 717 2831 p.
741 2752 827 2817 XIII
850 2755 940 2834 squ).
988 2754 1096 2818 Codex
1120 2755 1147 2820 Ο
1172 2755 1264 2819 modo
1289 2773 1363 2820 cum

183 2862 212 2926 L
237 2867 350 2926 contra
367 2861 405 2941 A,
431 2860 523 2924 modo
548 2878 618 2923 cum
645 2862 672 2924 A
698 2869 812 2924 contra
835 2860 863 2925 L
887 2868 955 2924 stat
979 2868 1011 2925 et
1036 2860 1176 2925 medium
1200 2861 1363 2942 quendam

183 2969 289 3033 locum
314 2968 400 3031 inter
425 2972 597 3046 utrumque
620 2967 738 3031 librum
763 2976 874 3032 tenere
899 2966 1036 3032 videtur.
1076 2968 1179 3047 Saepe
1199 2969 1251 3032 bic
1267 2968 1363 3049 liber,

184 3083 222 3139 ut
250 3076 422 3139 Massonus
454 3082 606 3154 testatur,
643 3076 791 3140 meliores
824 3075 980 3140 lectiones
1011 3094 1106 3156 quam
1136 3075 1308 3140 Parisinus
1332 3079 1364 3141 A

185 3182 325 3263 exhibet,
366 3181 414 3245 ita
448 3188 486 3245 ut
520 3181 629 3263 coder,
669 3182 814 3247 Messeni
850 3182 978 3262 quidem
1016 3183 1142 3265 iudicio,
1184 3201 1248 3247 non
1287 3202 1365 3248 con-

185 3289 378 3353 temnendus
413 3288 466 3370 sit,
503 3288 631 3353 etiamsi
665 3289 706 3352 ad
742 3297 866 3354 textum
903 3290 1137 3355 emendandum
1174 3290 1243 3355 lero
1277 3291 1364 3356 nihil

181 3393 333 3460 conferre
357 3395 496 3460 videtur.
544 3395 673 3460 Certius
698 3398 736 3460 de
761 3397 788 3462 Ο
813 3405 880 3461 tum
906 3397 1033 3461 demum
1062 3397 1201 3462 iudicari
1229 3398 1361 3482 poterit,

182 3521 257 3567 cum
275 3503 327 3566 bic
342 3503 426 3567 liber
442 3503 475 3567 in
491 3504 641 3567 omnibus
661 3504 765 3568 tribus
789 3502 910 3568 fabulis
934 3512 1086 3569 accurate
1109 3523 1264 3570 excussare
1289 3505 1362 3570 erit.

292 3647 361 3711 Nec
388 3646 556 3711 dissimilis
587 3646 736 3711 Parisino
766 3649 794 3710 A
830 3653 872 3729 et,
910 3656 946 3711 ut
974 3647 1147 3712 Massonus
1183 3647 1361 3731 contendit,

184 3753 364 3818 Bodleiano
389 3753 416 3818 Ο
445 3772 572 3834 quoque
602 3754 732 3819 videtur
764 3772 835 3818 esse
867 3754 968 3817 codex
998 3755 1073 3818 olim
1106 3755 1182 3820 bibl.
1208 3756 1363 3822 abbatiae

183 3861 397 3926 Florentinae
422 3865 518 3944 2817,
543 3879 630 3926 nunc
645 3861 890 3927 Laurentianus
908 3868 947 3926 71
975 3858 1043 3949 [8],
1069 3865 1268 3948 chartaceus
1293 3872 1362 3930 tres

186 3968 311 4049 priores
347 3967 474 4033 fabulas
508 3969 676 4033 continens
708 3974 741 4033 ct
769 3988 852 4035 saec.
881 3970 975 4036 XIII.
1006 3971 1058 4035 vel
1085 3972 1176 4036 XIV.
1208 3972 1360 4053 scriptus,

181 4075 279 4140 cuius
305 4074 459 4140 lectiones
476 4076 663 4140 Dindorfius
686 4075 719 4140 in
745 4077 820 4142 edit.
836 4079 1001 4158 Lipsiensi
1018 4099 1045 4142 a.
1066 4082 1149 4142 1825
1166 4077 1222 4141 sed
1247 4094 1362 4155 parum

186 4183 283 4263 plene
299 4182 457 4264 vulgavit.
494 4182 610 4262 Itaque
626 4191 775 4264 praestat
791 4185 941 4251 cohibere
956 4184 1122 4263 iudicium,
1147 4181 1222 4245 dum
1246 4183 1362 4250 melius

180 4290 240 4354 ¹hic
264 4290 347 4354 liber
370 4290 558 4355 innotuerit.
