2964 4890
632 343 855 402 --23-

149 535 225 602 fieri
248 536 401 617 potuerit,
427 544 463 599 ut
486 534 550 599 iam
574 552 690 598 manus
709 533 815 614 prima
830 533 863 597 in
880 538 974 598 textu
990 532 1155 598 exarando
1171 528 1327 614 maguum

149 641 353 710 variantium
375 641 550 707 lectionum
574 659 743 706 numerum
768 640 911 706 adderet.
921 641 951 722 *1

237 752 240 760 ’
260 767 427 833 Neminem
438 765 557 831 deinde
568 764 683 847 fugiet,
698 767 879 846 complures
892 765 1021 830 illarum
1035 766 1209 831 lectionum
1222 763 1326 829 maui-

152 872 241 938 festo
263 880 365 938 metro
389 873 583 954 obstare**),
608 891 690 952 quas
707 891 726 936 a
741 872 964 953 grammaticis
988 891 1130 952 uuquam
1147 873 1180 937 iu
1198 877 1326 937 textum

152 987 301 1062 receptas
324 997 395 1046 esse
418 997 511 1044 nemo
535 979 674 1060 putabit.
720 979 794 1044 Huc
818 978 951 1062 accedit,
989 979 1072 1058 quod
1101 979 1224 1043 scholia
1248 977 1329 1042 non·

153 1102 316 1168 nunquam
341 1087 506 1167 lectiones,
531 1104 613 1167 quas
635 1084 670 1149 in
693 1086 731 1150 L.
754 1093 848 1151 textu
871 1086 1031 1168 legimus,
1056 1082 1229 1150 manifesto
1253 1103 1327 1166 per-

152 1212 265 1260 versas
295 1194 556 1275 interpretantur
588 1198 622 1258 et
652 1193 756 1258 aliam
780 1193 814 1258 iu
839 1193 912 1258 eliis
937 1193 1029 1258 libris
1052 1193 1247 1273 scripturam
1272 1211 1328 1256 ex·

151 1308 241 1368 stare
275 1301 436 1366 adnotant
464 1318 608 1381 eamque,
645 1301 792 1380 quamvis
825 1301 924 1380 priori
955 1300 1085 1364 lectioni
1117 1300 1326 1381 contrariam,

148 1409 314 1491 explicere
326 1405 566 1491 conentur***).
590 1407 684 1473 Unde
700 1407 849 1488 sequitur
864 1427 928 1472 non
945 1409 1060 1490 solum,
1078 1414 1115 1471 ut
1131 1406 1325 1472 scholiorum

148 1524 265 1582 auctor
287 1516 324 1581 L.
350 1515 520 1581 lectionem
551 1522 628 1579 ante
652 1515 761 1579 oculos
785 1515 945 1598 hebuerit,
983 1514 1039 1580 sed
1063 1515 1172 1597 etiam,
1208 1513 1325 1594 utqui

150 1623 274 1688 scholia
296 1623 330 1687 in
354 1623 392 1688 L.
415 1622 547 1702 scripsit
571 1621 695 1686 scholia
724 1621 796 1702 ipse
820 1629 854 1686 et
877 1623 987 1686 varias
1012 1623 1165 1687 lectiones
1196 1639 1260 1685 non
1284 1638 1326 1686 ex

152 1730 215 1794 alio
239 1730 365 1796 demum
389 1741 487 1809 atque
510 1729 725 1794 Laurentiaui
749 1730 936 1810 archetypo,
961 1731 1019 1794 sed
1043 1747 1084 1794 ex
1107 1728 1325 1795 Laurentiani
1355 1739 1359 1746 ·

153 1837 328 1920 archetypo
352 1837 422 1918 ipso
445 1837 646 1916 repetiverit.

256 1946 432 2010 Praeterea
456 1953 635 2009 memoratu
660 1944 790 2025 dignum
815 1945 957 2028 ridetur,
989 1945 1145 2025 plurimas
1168 1945 1326 2010 lectiones

149 2051 324 2116 additicius
347 2050 379 2116 in
404 2051 567 2132 prioribus
591 2050 712 2118 fabulis
738 2048 803 2137 [Ai.
826 2052 876 2117 El.
901 2049 1003 2138 Aut.],
1040 2053 1158 2134 quippe
1182 2070 1266 2133 quae
1290 2051 1325 2115 iu

150 2159 272 2223 scholis
317 2159 505 2238 plerumque
546 2159 790 2243 lectitarentur‚
834 2179 858 2245 e
884 2160 1118 2242 grammaticis
1158 2161 1190 2224 in
1230 2176 1325 2224 suum

152 2264 297 2344 ipsorum
331 2265 384 2330 vel
414 2266 448 2330 in
484 2266 666 2332 scholarum
702 2285 794 2332 usum
823 2267 929 2332 textui
965 2267 1207 2348 superscriptas
1242 2284 1325 2349 esse,

141 2389 336 2452 perpaucas
358 2371 391 2436 in
413 2373 537 2454 Trech,
562 2374 656 2457 Phil,
681 2373 759 2439 Oed.
780 2373 856 2457 Col,
881 2392 963 2454 quae
987 2373 1120 2439 fabulae
1143 2379 1324 2438 extromum

148 2478 254 2542 locum
286 2478 319 2542 in
339 2478 465 2561 sylloge
487 2482 644 2546 tenebant
668 2487 701 2546 et
724 2481 885 2562 neglectis
915 2481 1073 2562 paulatim
1098 2481 1216 2545 studiis
1239 2481 1325 2545 auti·

148 2584 286 2665 quitatis
309 2587 578 2669 neglegebantur.
804 2594 807 2598 ’

254 2692 300 2758 Ut
321 2694 467 2759 breviter
490 2695 567 2774 quid
592 2697 730 2762 sentiam
755 2697 921 2778 explicem,
948 2696 1112 2779 librarius,
1138 2701 1176 2761 ut
1198 2695 1326 2779 opinor,

150 2798 223 2863 illes
246 2799 355 2865 varias
379 2801 547 2884 lectiones,
577 2822 657 2883 quas
686 2804 755 2868 siue
779 2804 864 2885 sigla
887 2825 935 2886 γρ.
959 2803 996 2867 1η
1019 2804 1164 2884 exemplo
1188 2820 1248 2867 suo
1275 2802 1326 2866 iu·

150 2909 294 2990 venerat,
331 2907 396 2971 iam
428 2908 462 2972 in
490 2915 584 2975 textu
617 2911 782 2975 exerendo
809 2911 917 2975 verbis
942 2916 1057 2991 poetae
1080 2910 1326 2992 superscripsit,

149 3012 301 3078 maiorem
325 3020 451 3095 partem
474 3015 604 3082 illarum
630 3017 813 3098 lectionum,
838 3036 920 3096 quas
943 3035 1015 3081 cum
1040 3018 1125 3098 sigla
1145 3038 1193 3098 γρ.
1214 3018 1325 3083 arche·

146 3125 261 3200 typum
278 3121 331 3187 vel
349 3122 437 3186 inter
452 3140 567 3188 versus
583 3125 635 3189 vel
652 3125 738 3188 inter
754 3125 876 3189 scholia
892 3124 1076 3205 exhibebat,
1100 3124 1133 3188 in
1158 3131 1324 3204 posterum

471 3355 477 3370 .
1276 3338 1297 3370 ω

209 3402 235 3467 *)
255 3404 298 3458 Ai.
318 3406 378 3459 215.
405 3325 495 3466 rpioiipor
525 3405 552 3476 [i.
572 3421 594 3460 e.
619 3400 719 3480 βᾶρος],
749 3407 819 3462 1053
846 3317 935 3478 ἄξειν.
964 3435 995 3446 -
1025 3406 1067 3460 El.
1088 3407 1131 3460 10.
1156 3341 1326 3476 Πελοπιδὰἶ,

318 3497 352 3548 λα
645 3490 700 3570 γὰρ
793 3517 843 3570 κμ
1263 3517 1316 3570 μαι

256 3584 308 3637 364
322 3591 426 3655 τυχεῖν,
439 3584 492 3638 439
507 3572 598 3657 ἆρχὴν
611 3583 639 3638 δ’
654 3580 697 3652 ἄν,
716 3585 777 3639 449.
792 3579 876 3655 φόβας
891 3583 918 3654 [i.
929 3601 951 3639 e.
961 3579 1069 3659 κόμας],
1083 3586 1135 3639 783
1149 3571 1323 3658 ἆπηλλάγην,
1399 3625 1400 3628 ¹
1431 3651 1433 3655 ι

254 3671 1323 3737 mmmmmmommmmmm

253 3761 1103 3831 rwmffiffimfflowfflm

193 3868 234 3934 **)
254 3868 298 3921 ui.
312 3869 364 3920 615
380 3864 492 3943 εὓρηται
510 3869 542 3925 L.
561 3891 606 3944 γρ.
619 3863 770 3942 γεγένηται
790 3853 845 3924 ΕΣ.
866 3901 897 3907 -
919 3869 949 3924 O.
963 3871 995 3925 Τ.
1011 3870 1079 3925 1529
1096 3871 1193 3945 μηδέν’
1209 3860 1326 3940 ὅλβίζειν

251 3959 319 4029 πρὶν
339 3951 374 4010 ἂν
392 3957 423 4024 L,
441 3979 486 4030 γρ.
506 3953 596 4013 πάντα
614 3958 773 4032 προσδοκᾶν
793 3959 842 4018 ἕως
862 3954 905 4014 ἂν.
926 3989 960 4000 —-
980 3960 1016 4015 0.·
1024 3960 1052 4015 (ἲ.
1070 3961 1138 4015 1054
1157 3953 1325 4033 ἑγρεμοὲχαν

252 4034 1435 4121 nwfffflmmmm-ommmmum,·

253 4157 297 4209 γρ.
317 4131 461 4202 πελάζουσι
478 4137 501 4190 Ir
530 4179 536 4191 .

177 4241 235 4312 ***)
253 4243 299 4299 Tr.
318 4247 354 4300 23
377 4240 454 4318 ἥμην
472 4249 500 4299 et
520 4241 603 4319 ἥμην.
642 4244 671 4298 Ο.
690 4244 721 4298 Τ.
741 4246 795 4300 194
819 4242 944 4322 ἄπουρον
969 4253 996 4302 ei
1021 4248 1149 4320 ἔπουρον.
1187 4245 1218 4302 Ο.
1238 4245 1266 4299 C.
1286 4245 1320 4298 71

251 4328 332 4409 μόλοι
351 4339 378 4388 et
395 4337 502 4409 μολεῖν.
540 4333 570 4391 Ο.
591 4334 619 4389 O.
639 4335 692 4390 390
712 4321 820 4396 cerciac
839 4341 867 4390 et
886 4324 1002 4398 εὖσοίας.
