2964 4890
586 326 810 386 „59-

99 535 184 583 saec.
214 517 296 582 XIV
328 518 380 583 vel
413 516 487 598 XV,
525 515 561 581 Ο.
590 516 636 597 I‘,
673 516 799 598 Vrach,
835 518 931 597 Phil,
968 517 1004 584 O.
1033 517 1066 582 0.
1102 516 1284 581 continens.

102 628 134 706 2)
158 625 371 689 Vaticanus
397 629 458 688 287
485 619 589 709 [Vnt]
610 623 686 687 olim
708 623 889 707 Palatinus,
915 642 998 690 saec.
1013 623 1100 705 XIII
1123 623 1175 687 vel
1200 622 1283 688 XIV

100 736 189 815 Ant,
214 732 251 798 Ο.
268 733 312 815 0.,
336 731 463 813 inach,
487 730 570 795 Phil.
588 730 767 796 continens.
815 731 849 814 3)
874 732 1081 796 Parisinus
1105 736 1189 795 2711
1217 726 1284 815 [TI

101 857 183 904 saec.
207 839 281 920 XV,
317 837 353 923 4)
377 838 652 904 Farnesianus
675 837 710 902 Il
734 839 763 902 F
788 843 839 904 34.
864 835 989 925 [Fara]
1016 857 1097 904 saco.
1122 838 1204 904 XIV
1229 839 1282 903 vel

99 947 173 1029 XV,
199 946 232 1010 in
258 946 376 1026 quihus
400 963 511 1011 omnes
534 951 659 1025 septem
683 943 816 1010 fabulae
840 938 961 1011 insunt.
999 947 1051 1011 Ex
1075 946 1126 1010 his
1142 945 1190 1010 IV
1207 963 1284 1011 mss.

47 1056 49 1059 ’
101 1053 277 1118 Elmsleius
305 1053 345 1117 ad
378 1072 474 1117 unam
500 1051 536 1118 0.
560 1053 593 1118 0.
617 1050 763 1118 fabulam
788 1054 862 1133 plus
889 1072 983 1133 quam
1012 1059 1074 1118 120
1099 1053 1281 1133 scripturae

102 1158 313 1226 diversitates
336 1160 478 1242 collegit,
515 1179 598 1241 quae
623 1179 734 1225 omnes
759 1162 872 1241 paucIs
895 1162 1039 1242 exceptis
1070 1162 1103 1226 iu
1128 1161 1179 1226 his
1203 1160 1285 1226 solis

100 1266 195 1331 libris
218 1267 441 1332 inveniuntur.
488 1267 538 1332 De
567 1267 666 1332 huius
696 1268 897 1334 recensionis
928 1275 1061 1333 auctore
1093 1269 1175 1333 nihil
1207 1287 1284 1333 con·

99 1373 187 1454 iecit,
219 1374 275 1438 sed
299 1382 389 1438 recte
412 1375 546 1452 monuit,
581 1375 810 1454 „vehementer
833 1374 950 1440 falsum
975 1376 1025 1457 iri,
1063 1375 1116 1455 qui
1142 1375 1281 1441 cundem

96 1481 251 1545 >meliores
275 1481 376 1545 lihros
400 1499 496 1560 quam
522 1481 549 1545 h
572 1488 607 1545 et
629 1482 659 1545 A
683 1481 835 1547 habuisse
859 1482 1110 1562 suspicaretur.“

210 1605 406 1670 Accuratius
430 1605 563 1671 eandem
588 1623 655 1669 rem
682 1604 1046 1691 tractauit,Lipsius*).
1079 1606 1133 1687 qui
1159 1606 1283 1673 diserte
1371 1645 1374 1652 ·

101 1712 223 1793 docuit,
248 1712 439 1793 saepissime
464 1711 590 1776 codices
615 1712 641 1775 B
666 1718 699 1776 et
722 1712 798 1777 Vat.
821 1713 907 1777 solos
931 1714 1136 1795 concordare,
1172 1715 1220 1779 111
1244 1721 1281 1780 ut

100 1819 141 1883 ad
167 1837 263 1883 uirum
290 1820 502 1901 archetypum
526 1817 690 1884 referendi
713 1820 788 1884 sint.
835 1821 982 1886 Tertium
1006 1821 1074 1886 illis
1098 1821 1282 1887 Hermanni

101 1926 221 1990 iudicio
258 1927 411 1991 accedere
446 1926 650 1991 Venetum
686 1931 749 1990 616
787 1923 859 2013 [VI]
896 1936 1006 1993 omnes
1040 1925 1171 1993 fabulas
1207 1948 1285 1994 con·

101 2035 268 2102 tinentem.
284 2037 322 2101 In
337 2037 472 2102 eandem
486 2034 675 2102 societatem
688 2039 801 2102 verlice
815 2039 955 2103 codicem
970 2042 1242 2120 Augustanum
1260 2041 1280 2104 h

101 2159 183 2206 saec.
211 2143 293 2207 XIV
324 2151 357 2208 et
387 2144 628 2209 Pau-isinum
665 2147 753 2208 2884
781 2141 837 2230 [h]
871 2163 954 2210 saec.
986 2145 1072 2210 XIII
1103 2147 1155 2211 vel
1186 2145 1283 2240 XIV,

101 2267 234 2327 quorum
260 2259 398 2329 uterque
421 2250 482 2333 Ai,
514 2250 575 2323 El,
604 2249 641 2316 Ο.
665 2250 712 2333 ¹1¹,
742 2253 819 2315 Ant.
843 2252 985 2316 exhibet.
1033 2253 1102 2317 Hos
1126 2253 1156 2317 V
1179 2252 1283 2318 libros

102 2375 175 2420 mss.
208 2375 248 2420 ex
282 2357 442 2424 communi
477 2359 653 2439 archetypo
690 2376 763 2424 esse
793 2360 987 2439 repetendos
1019 2368 1052 2424 11
1083 2362 1143 2425 hoc
1172 2362 1281 2427 arche
1388 2372 1389 2375 ’

104 2471 216 2545 typum
243 2465 347 2543 ipsum
363 2483 403 2529 ex
425 2465 613 2530 recensione
638 2470 742 2530 ortum
768 2484 840 2531 esse
859 2467 964 2531 critici
981 2467 1149 2532 cuiusdam
1166 2468 1281 2550 ignoti,

100 2590 192 2650 quem
218 2572 396 2636 Theman
421 2571 654 2654 Magistrum
679 2571 783 2638 fuisse
804 2573 1071 2639 Schneidewmus
1095 2576 1284 2655 suspicatus

100 2678 211 2761 sit.**)
238 2674 485 2760 'Compluribus
513 2681 671 2760 exemplis
695 2680 827 2761 Lipsius
858 2681 1105 2765 demonstravit,
1137 2682 1165 2746 L
1190 2702 1281 2763 prae·

100 2786 230 2865 cipuum
255 2785 361 2851 critici
384 2786 474 2851 illius
498 2785 621 2852 fontem
647 2784 758 2852 fuisse.
805 2787 884 2853 Cum
910 2807 1002 2854 nemo
1033 2789 1283 2874 contradixerit,

99 2892 131 2955 iu
158 2892 214 2957 illa
230 2894 394 2958 sententia
411 2894 680 2974 acquiescendum
698 2903 786 2978 puto,
812 2897 1005 2976 praesertim
1029 2915 1099 2960 cum
1126 2904 1280 2963 accurata

99 2999 228 3064 illorum
252 3001 407 3065 librorum
427 3001 603 3091 collatione
617 3020 785 3067 careamus
802 3010 835 3068 11
852 2990 1017 3068 sententia
1033 3005 1104 3085 ipsa
1121 3023 1279 3070 summam

98 3107 218 3172 haheat
254 3109 527 3187 probabilitatem.
584 3109 739 3173 uuonan
778 3110 862 3174 enim
900 3110 1093 3191 Magistrum
1130 3130 1165 3176 re
1202 3131 1283 3178 vera

99 3213 268 3295 Sophoclis
302 3215 432 3281 fabulas
466 3216 679 3299 recensuisse,
717 3223 830 3298 postea
865 3236 885 3281 a
920 3217 959 3284 G.
994 3215 1168 3304 Wlolflio]
1206 3238 1280 3283 con·
1400 3293 1401 3296 Ἴ

99 3320 262 3386 firmatum
287 3322 411 3403 est***)
435 3341 476 3387 ex
499 3322 608 3387 codice
632 3323 988 3407 Neap.Borb.11734,
1013 3325 1045 3388 in
1071 3343 1133 3404 quo
1157 3326 1284 3406 legitur

99 3424 295 3511 „dcopdor'drp
318 3424 412 3513 παρὰ
435 3429 496 3492 τοῦ
518 3424 708 3510 σοφωτάτου
733 3433 960 3514 Μαγίστρουίί.

206 3534 313 3600 Huius
337 3536 491 3619 anonymi
513 3537 702 3604 recensione
725 3538 947 3603 Demetrius
971 3538 1203 3622 TricliniuS,
1238 3547 1277 3606 ut

98 3640 232 3721 Lipsius
262 3642 397 3724 iudicat,
434 3644 475 3708 ad
507 3644 696 3725 Sophoclem
728 3647 960 3711 recensendum
994 3664 1072 3710 usus
1104 3655 1163 3712 est.
1213 3648 1280 3713 Hic

98 3749 331 3829 grammaticus
362 3751 483 3816 saeculi
509 3752 661 3817 exeuntis
683 3751 766 3817 XIV
789 3753 842 3818 vel
865 3753 1009 3818 iucuntis
1031 3754 1094 3818 XV
1121 3754 1282 3834 plurimas

96 3853 187 3919 illius
223 3855 327 3937 ignoti
361 3857 467 3921 critici
504 3859 660 3924 lectiones
691 3860 724 3923 in
757 3878 848 3926 suam
885 3860 1105 3926 recensionem
1141 3862 1280 3944 recepit,

97 3961 179 4027 alias
211 3980 251 4026 ex
282 3962 356 4028 aliis
388 3964 555 4031 codicibus
586 3966 746 4050 hausisse,
783 3968 945 4032 nonnulas
977 3967 1117 4048 denique
1147 3969 1187 4034 de
1218 3987 1283 4034 sua

159 4138 185 4208 *)
205 4139 237 4193 de
257 4137 337 4206 Soph.
356 4153 406 4192 em.
425 4155 512 4206 praes.
531 4157 556 4208 p.
579 4141 611 4193 17
632 4156 689 4208 sqq.

144 4227 187 4294 ”l
207 4228 305 4282 Annal.
325 4228 422 4283 Philol.
441 4229 495 4284 vol.
515 4230 549 4283 67
570 4229 663 4297 (1853)
682 4246 708 4298 p.
727 4231 789 4285 500.

130 4315 186 4382 ***)
205 4317 334 4373 Litterar.
354 4319 500 4374 l‘entralbl.
520 4319 590 4374 1860
609 4336 635 4387 p.
654 4321 716 4374 491.
735 4321 778 4376 92.
