2964 4890
630 325 851 383 1033.ἃ

228 516 230 521 ’
265 514 321 595 At,
339 513 450 578 dicunt
467 514 656 596 adversarii,
673 514 927 580 innumerabiles
939 519 1110 594 praeterea
1121 513 1334 578 inveniuntur

145 618 230 701 1001,
257 621 373 700 quibus
394 621 609 686 Laurentiaoi
634 622 661 685 L
685 622 840 687 lectiones
864 629 977 703 aperte
1001 627 1173 700 corruptae
1197 620 1333 684 aliorum

157 729 314 794 libror-um
348 728 508 810 imprimis
538 729 680 794 Parisini
713 731 743 794 A
776 735 810 794 et
842 730 938 794 Laur.
973 729 1003 794 G
1036 727 1230 793 lectionibus
1263 727 1334 792 sine

146 835 258 901 dubio
281 835 503 906 emendantur.
550 835 642 917 Quae
671 838 782 916 quales
814 836 890 916 sint,
928 835 1014 901 infra
1048 836 1080 900 in
1110 834 1334 900 describendis

157 943 225 1008 illis
249 943 414 1007 codicibus
438 943 634 1022 explicatius
658 943 836 1023 disquirere
859 943 894 1007 in
918 944 1024 1008 auimo
1049 944 1204 1008 hahemus
1228 948 1261 1008 et
1282 941 1335 1005 de·

157 1057 340 1115 monstrare
356 1050 553 1132 conabimur,
573 1050 652 1116 ,11100
676 1051 763 1116 10000
787 1051 943 1115 eiusmodi
968 1068 1050 1132 esse,
1076 1056 1113 1114 ut
1135 1068 1214 1115 vera
1236 1048 1333 1112 lectio

156 1156 256 1222 facile
270 1165 329 1222 aut
344 1176 385 1234 ex
400 1157 427 1221 L
444 1157 607 1238 scriptura
624 1158 696 1222 elici
720 1165 778 1223 aut
801 1177 841 1223 ex
865 1156 997 1222 scholiis
1021 1158 1072 1221 vel
1098 1174 1138 1220 ex
1161 1157 1333 1222 uerborum

146 1270 313 1329 contextu
346 1263 418 1329 01111
448 1272 506 1329 aut
529 1282 548 1327 a
573 1265 796 1345 grammaticis
826 1264 897 1330 sine
930 1265 996 1328 ullo
1028 1263 1159 1345 negotio
1192 1262 1335 1329 inveniri

146 1371 312 1452 potuerit.

266 1479 348 1542 Tum
380 1479 420 1542 A.
452 1477 627 1560 Seyffert*)
661 1485 694 1544 et
726 1473 919 1559 Kvicala**)
955 1497 1019 1542 non
1051 1477 1229 1544 verisimile
1263 1494 1334 1541 esse

157 1586 372 1668 arbitrantur,
399 1587 650 1650 innumerabilia
667 1586 833 1666 Sophoclis
851 1585 1060 1667 exemplaria,
1086 1603 1168 1664 quae
1190 1584 1334 1665 antiquis

155 1693 359 1772 temporibus
399 1701 497 1772 atque
536 1693 634 1758 etiam
679 1693 784 1758 media
830 1701 938 1757 aetate
983 1692 1150 1759 exstitisse
1196 1700 1332 1772 constet,

156 1800 292 1864 ineunte
328 1819 409 1864 saec,
437 1800 497 1879 XI,
534 1820 605 1865 cum
634 1802 661 1866 L
693 1801 835 1880 scriptus
867 1800 921 1882 sit,
957 1805 1089 1881 praeter
1119 1799 1336 1864 Laurentiani

147 1911 186 1975 L
212 1911 424 1994 archetypum
450 1920 483 1976 01
506 1912 534 1977 L
557 1913 661 1992 ipsum
686 1912 794 1976 omnia
826 1911 994 1991 deperdita
1024 1929 1106 1990 esse,
1141 1909 1335 1974 1111110001-

119 2082 122 2087 .
148 2017 630 2099 ·11011111100000101101111110,
660 2019 741 2084 alios
765 2038 891 2099 quoque
916 2018 1112 2099 Sophocleos
1137 2016 1333 2081 librosmss

159 2125 218 2188 1110
248 2133 391 2206 tempore
416 2133 450 2190 01
474 2127 643 2191 exstitisse
666 2137 699 2190 01
722 2126 919 2208 apographis
950 2130 1148 2206 propagatos
1178 2141 1259 2202 esse,
1295 2140 1336 2187 ex

154 2231 281 2310 quibus
326 2234 521 2314 apographis
567 2233 714 2297 nonnulli
757 2239 940 2297 nostrorum
984 2232 1128 2296 codicum
1175 2229 1334 2310 originem

156 2336 283 2402 --ducere
315 2341 487 2418 potuerint.
520 2377 562 2384 —
596 2344 704 2420 Atque
735 2339 769 2403 id
801 2340 907 2403 minus
943 2339 1057 2402 mirum
1090 2349 1123 2401 et
1152 2337 1335 2401 inauditum

163 2443 228 2507 nisi
266 2443 359 2510 fallor
397 2448 576 2526 videbitur,
625 2447 652 2511 si
691 2447 970 2528 perpenderimus,
1018 2445 1084 2510 illis
1124 2442 1335 2524 temporibus,

159 2551 278 2630 quihus
311 2552 396 2618 liber
423 2555 452 2618 L
487 2560 642 2619 exaratus
673 2562 733 2636 est,
770 2555 969 2620 Graecarum
1006 2551 1190 2616 litterarum
1225 2549 1337 2615 studia

157 2659 264 2739 magis
287 2662 458 2741 magisque
483 2662 655 2727 evanuisse
679 2669 713 2726 et
736 2660 823 2725 haud
853 2661 902 2725 ita
924 2661 1026 2724 multo
1051 2665 1124 2740 post
1148 2677 1188 2724 ex
1212 2663 1336 2738 septem

146 2766 358 2831 :scenicorum
391 2775 560 2847 poetarum
591 2767 713 2836 fabulis
737 2779 804 2834 tres
834 2768 867 2832 111
891 2786 983 2832 usum
1008 2767 1191 2832 scholarum
1216 2765 1337 2830 electas

154 2891 238 2938 esse.
285 2874 456 2940 Facillime
489 2876 592 2957 igitur
621 2876 761 2956 cogitari
789 2884 907 2957 potest,
943 2875 1201 2940 Laurentianum
1225 2871 1264 2953 L,
1300 2878 1338 2935 ut

144 2981 296 3045 eximius
309 2992 341 3045 01
355 2981 497 3047 10110000
510 3001 595 3047 unus
608 2991 780 3062 supererat
790 2983 884 3062 liber,
902 2983 957 3061 qui
974 2990 1120 3062 septem
1137 2986 1170 3045 et
1181 2978 1337 3060 Aeschyli

155 3097 192 3151 et
224 3087 395 3168 Sophoclis
427 3090 615 3171 tragoedias
648 3109 719 3154 cum
748 3089 879 3154 scholiis
910 3088 1112 3170 plenioribus
1144 3088 1335 3169 contineret,

112 3213 177 3258 .-a
217 3195 363 3260 librariis
407 3216 485 3277 prae
531 3197 605 3262 aliis
649 3197 889 3276 exemplaribus
931 3197 965 3261 in
1011 3194 1220 3260 conficiendis
1262 3211 1337 3274 apo·

150 3303 295 3382 graphis
329 3305 467 3369 maxime
499 3305 682 3368 adhibitum
714 3321 794 3368 esse.
841 3305 952 3384 Atque
980 3303 1014 3367 id
1044 3321 1080 3367 re
1111 3320 1190 3367 vera
1213 3300 1338 3366 factum
1424 3300 1427 3306 ’

145 3425 239 3491 esse,
270 3409 310 3473 de
334 3412 553 3491 compluribus
577 3411 732 3493 Aeschyli
757 3411 921 3477 codicibus
945 3428 985 3474 ex
1008 3410 1127 3474 eisdem
1154 3408 1279 3474 lacunis
1303 3408 1338 3472 iu

155 3519 406 3596 Agamemnone
439 3531 473 3583 01
502 3519 536 3583 11
561 3519 760 3599 Ohoephoris
788 3517 911 3582 fabulis
938 3518 1105 3583 hiantibus
1141 3522 1229 3582 certe
1264 3533 1339 3580 con·

154 3621 312 3702 cluditur,
343 3623 382 3688 de
406 3624 544 3704 reliquis
567 3633 677 3690 autem
700 3626 857 3707 Aeschyli
881 3624 976 3689 libris
1000 3642 1074 3690 mss.
1098 3642 1139 3690 ex
1161 3622 1337 3694 lectionum

144 3745 320 3792 «consensu
345 3730 407 3794 viri
433 3730 520 3796 docti
544 3750 668 3796 summo
692 3733 763 3798 iure
786 3731 1077 3813 suspicantu1·***).
1112 3734 1222 3811 Atque
1238 3729 1338 3795 etiam

220 3940 246 4006 *l
266 3941 284 3994 l.
304 3957 326 3994 c.
346 3956 371 4006 p.
391 3941 434 3994 27.

187 4118 221 4151 **
269 4118 303 4172 cf.
323 4119 358 4173 M.
380 4118 465 4187 Sorof,
493 4121 533 4175 De
551 4123 657 4177 ratione
681 4137 750 4189 quae
774 4123 846 4176 inter
873 4138 917 4176 eos
946 4122 1021 4177 codd.
1040 4123 1212 4192 recentiores,
1241 4122 1338 4190 quibus

176 4217 177 4222 ’
265 4209 393 4275 Aeschyli
422 4208 529 4264 fabulae
552 4211 650 4278 Prom,
679 4211 761 4279 Sept,
788 4212 888 4266 Persae
916 4213 1097 4280 continentur,
1127 4217 1156 4266 et
1180 4206 1338 4266 codicemL

220 4301 222 4305 '
265 4297 427 4354 intercedat.
445 4299 558 4353 Dissert.
578 4300 665 4354 Berol.
686 4302 764 4356 1882.
