2964 4890
637 351 679 363 ..
726 317 837 381 g‘-

141 508 269 575 80110118
299 509 358 574 1118
388 510 525 591 antiqua
556 511 661 576 denuo
695 530 736 576 ex
763 512 800 576 L.
832 518 985 577 accurate
1015 511 1200 594 exscripsit,
1237 529 1323 591 quae

143 623 219 698 post
242 616 366 682 obitum
390 618 461 682 eius
485 617 693 684 (iaisfordius
716 617 886 699 praefatus
910 624 1041 684 81826
1067 619 1186 685 Oxonii
1210 617 1322 684 edidit.

141 723 412 804 Supplementum
446 725 544 790 huius
577 725 731 791 editionis
764 744 784 790 8
814 726 983 790 Dindorfio
1019 745 1047 791 a.
1085 730 1167 791 1852
1201 725 1319 790 Oxonii

140 829 296 895 emissum
333 838 392 896 est.
450 830 515 913 Qui
549 833 614 898 viri
654 832 741 898 docti
780 851 851 897 cum
886 833 940 897 hic
973 833 1042 897 illic
1077 833 1232 898 nonnulla
1267 850 1323 897 ne-

144 936 334 1020 glexissent,
353 939 472 1003 Petrus
484 939 730 1021 Papageorgius
746 939 869 1004 scholia
884 947 997 1005 vetera
1014 939 1119 1004 denuo
1135 938 1322 1004 accuratius

140 1045 284 1109 contulit
308 1051 342 1109 et
365 1064 393 1110 a.
420 1051 505 1110 1888
531 1046 680 1129 edidit.*)

430 1242 464 1304 3.
493 1239 551 1305 De
576 1241 719 1307 codicis
743 1240 774 1305 L
798 1241 1047 1326 imaginibus.

250 1363 369 1429 Melius
402 1382 498 1444 quam
532 1384 572 1430 ex
603 1366 832 1431 collationibus
864 1371 1015 1431 naturam
1050 1374 1149 1446 atque
1181 1365 1320 1430 indolem

121 1470 359 1565 ⁴Iraurentiani
398 1489 440 1535 ex
477 1471 675 1551 imaginibus
723 1473 962 1556 cognoscimus,
1011 1491 1093 1553 quae
1136 1471 1323 1538 novissimis

145 1577 345 1658 temporibus
380 1577 582 1656 prodierunt.
639 1579 791 1662 Effigiem
827 1579 948 1645 codicis
983 1581 1053 1645 eius
1088 1579 1202 1660 partis,
1238 1596 1321 1669 quae

141 1685 341 1766 Aeschylum
382 1685 540 1765 continet,
581 1687 705 1767 primus
744 1689 782 1753 R.
818 1687 998 1752 Merkelius
1036 1687 1126 1768 typis
1164 1688 1322 1766 praebere

139 1798 280 1856 conatus
303 1789 423 1871 est**),
452 1793 601 1857 omnibus
625 1794 706 1860 viris
731 1794 834 1857 doctis
858 1792 930 1857 iure
953 1792 1225 1872 improbantibus,
1250 1810 1320 1856 0818

140 1898 327 1978 scripturae
344 1899 571 1980 proprietates,
597 1899 724 1980 liturae,
750 1898 978 1963 adnotationes
1002 1917 1021 1961 8
1045 1899 1147 1962 variis
1171 1899 1321 1962 manibus

144 2005 251 2070 factae
291 2004 379 2086 typis
418 2006 539 2070 nostris
579 2005 725 2071 exhiberi
764 2022 829 2069 808
864 2006 1078 2087 possent.***)
1137 2004 1321 2084 Specimina

142 2112 292 2177 foliorum
328 2112 528 2193 singulorum
563 2113 642 2177 80118
675 2131 735 2192 088
765 2110 854 2177 facta
882 2111 1044 2177 dederuut
1070 2111 1257 2176 Dindorfius
1286 2111 1321 2176 18

139 2218 288 2284 editione
326 2219 519 2284 scholiorum
561 2219 816 2300 Aeschyleorum
855 2215 1011 2303 [Choeph.
1045 2239 1075 2283 v.
1112 2214 1320 2304 368-411],

144 2325 205 2391 Ad.
230 2326 399 2392 Michaelis
430 2326 463 2391 18
487 2327 602 2392 Jahnii
633 2326 776 2391 editione
807 2325 950 2391 secunda
979 2324 1148 2405 Sophoclis
1169 2325 1322 2390 Electrae

142 2432 188 2517 [v.
229 2429 442 2518 357-404],
488 2434 705 2498 Wattenbach
745 2440 780 2498 et
818 2432 858 2497 de
896 2433 1018 2497 Velscn
1057 2432 1093 2496 18
1132 2432 1322 2513 „Exemplis

144 2541 288 2605 codicum
331 2540 552 2605 Graecorum‘⁴
600 2538 678 2625 [tab.
717 2536 885 2625 XXXII],
933 2539 1046 2604 Vitelli
1086 2546 1120 2604 et
1156 2539 1248 2604 Paoli
1286 2540 1321 2602 18

146 2647 309 2727 „Corpore
358 2646 565 2711 faosimilium
613 2647 811 2713 Graecorum
860 2654 892 2711 et
938 2647 1129 2711 Latinorum
1176 2645 1320 2711 codicum

145 2747 490 2839 Florentiuorum“†).
546 2753 712 2834 Optimum
747 2761 855 2818 antem
892 2753 1072 2817 subsidium
1105 2752 1321 2818 [laurentiani

31 2914 38 2927 ,
145 2865 296 2924 naturam
321 2859 539 2941 perspiciendi
563 2860 694 2941 paravit
717 2860 862 2925 Societas
878 2860 1106 2940 Londiuensis,
1131 2860 1182 2925 oui
1206 2878 1320 2925 80888

140 2977 197 3034 est
222 2968 405 3052 „Society
432 2967 492 3033 for
519 2971 583 3034 the
606 2970 834 3035 Promotion
859 2968 900 3034 of
920 2970 1102 3036 Hellenic
1126 2970 1320 3052 StudIes“,

207 3143 234 3212 ⁴¹)
253 3143 359 3196 Scholia
384 3144 413 3196 in
432 3143 510 3210 Soph.
537 3145 692 3212 tragoedias
717 3151 810 3199 vetera
836 3161 850 3199 e
876 3146 965 3199 codice
990 3146 1020 3199 L.
1047 3145 1132 3200 denuo
1158 3145 1255 3198 collato
1281 3146 1321 3200 ed.

252 3233 350 3286 Petrus
381 3233 412 3285 N.
441 3233 653 3301 Papageorgius.
691 3234 764 3302 Lips.
795 3235 874 3288 1888.
921 3234 955 3287 cl.
986 3234 1069 3301 idem,
1101 3234 1237 3288 Kritiscbe
1266 3236 1323 3288 nnd

253 3322 508 3390 palaeographische
536 3322 665 3390 Beitrdge
692 3338 724 3375 zu
753 3323 804 3377 den
832 3323 906 3377 alten
934 3322 1218 3390 Sophocles-Scholien.
1248 3323 1321 3391 Lips.

253 3411 332 3465 1881.
379 3410 467 3464 Codex
495 3412 575 3465 Leur.
606 3428 658 3465 von
686 3411 828 3479 Sophocles
859 3412 914 3465 und
942 3410 1001 3465 eine
1028 3426 1096 3465 neue
1124 3411 1257 3465 Collation
1285 3413 1321 3467 im

253 3499 460 3553 Scholientexte.
498 3501 596 3554 Annal.
615 3501 712 3556 Philol.
732 3502 822 3568 Suppl.
842 3502 910 3555 XIII
929 3501 1023 3566 (1884)
1042 3517 1067 3569 p.
1086 3502 1238 3556 cot-440.

194 3587 236 3654 **)
256 3588 351 3643 Oxonii
372 3590 450 3644 1871.
470 3589 503 3643 ci.
523 3591 641 3644 eiusdem
659 3591 755 3659 Progr.
775 3589 1023 3659 Quodlinburgense
1043 3590 1121 3645 1871.

176 3677 237 3748 ***)
256 3678 289 3733 of.
309 3659 435 3746 Aeschyli
455 3679 527 3746 Sept.
551 3681 611 3733 adv.
631 3679 715 3733 Theb.
742 3696 775 3733 ex
799 3695 851 3733 reo.
871 3679 902 3732 G.
922 3679 1070 3733 Hermanni
1089 3680 1129 3733 cd.
1148 3680 1320 3735 Bitschelius.

254 3769 324 3835 Lips.
352 3769 421 3823 1875
449 3776 532 3836 praet.
558 3769 612 3822 VII
625 3770 771 3836 squ-R.
800 3769 888 3823 Schbll
913 3769 997 3834 „Zum
1016 3769 1098 3823 codex
1122 3771 1256 3825 Mediceus
1275 3771 1321 3824 des

255 3858 418 3924 Aeschylus“
440 3859 552 3911 Hermes
564 3859 604 3912 XI
624 3860 716 3924 (1876)
735 3874 761 3926 p.
775 3841 827 3912 2319
838 3874 894 3924 sqq.
915 3887 948 3897 -
966 3858 997 3912 8.
1011 3857 1168 3914 Hcimsoetln
1184 3860 1322 3927 ,Epistola

253 3948 410 4001 Florentius
429 3947 461 4000 de
480 3947 569 4001 codice
587 3949 668 4002 Laur.
686 3948 726 4002 IX
744 3948 812 4015 plut.
831 3947 936 4001 XXXII
965 3946 1033 4018 [Iud.
1062 3949 1143 4003 schol.
1162 3949 1216 4003 bib.
1244 3949 1320 4001 Boun

257 4036 335 4104 1876]
355 4053 380 4102 p.
402 4037 442 4089 14.

203 4123 236 4194 †)
255 4125 404 4179 Collezione
418 4125 574 4179 Fiorentina
593 4125 618 4178 di
638 4125 762 4182 faosimili
780 4126 956 4196 paleograiici
974 4127 1048 4196 greci
1067 4143 1081 4181 e
1099 4126 1177 4179 latini
1190 4125 1320 4179 illustrati

254 4214 288 4268 da
308 4215 442 4269 Girolamo
461 4215 555 4269 Vitelli
579 4231 593 4269 e
611 4215 708 4269 (lesere
726 4217 810 4270 Ρ8011.
847 4211 1057 4271 Firen'ze1884.
1080 4215 1145 4269 iaso.
1164 4215 1179 4268 I
1197 4214 1253 4268 tab.
1272 4215 1319 4268 IX.

254 4304 349 4358 Aesch.
369 4305 443 4357 Pers.
463 4305 613 4359 518-571.
