2964 4890
626 334 850 392 ..29-

150 529 230 588 111
254 521 449 603 corruptelis
473 521 644 587 liberiores
667 522 707 587 ad
733 541 791 588 nos
809 527 1039 604 pervenerunt,
1064 541 1161 604 quam
1178 522 1334 605 Aeschyli

153 636 187 696 et
210 629 379 710 Euripidis
402 629 600 711 tragoediae.

262 736 314 801 Ad
339 742 463 801 textum
487 737 723 801 emendandum
748 737 919 816 aliquoties
951 738 1075 803 scholia
1099 744 1212 804 vetera
1236 755 1336 826 ansas

153 845 323 926 praebent,
341 861 477 923 quorum
494 843 681 924 antiquiora
693 844 735 908 ad
747 843 923 926 Didymum
941 845 1085 925 aliosque
1102 845 1336 926 grammaticos

154 969 279 1016 summo
302 951 380 1028 iure,
396 948 631 1031 referuntur.*)
677 950 832 1016 Nonnulli
858 952 915 1016 alii
940 952 1084 1032 corrupti
1100 952 1164 1016 loci
1188 952 1241 1016 hic
1265 951 1336 1015 illic

155 1058 242 1139 apud
257 1065 389 1123 veteres
406 1058 635 1142 grammaticos
659 1064 748 1122 recte
772 1057 979 1142 11111111.**)
1020 1059 1193 1140 Complura
1217 1058 1337 1123 deinde

154 1164 371 1230 Laurentiani
403 1164 502 1245 uitia,
539 1165 593 1230 sed
629 1165 755 1229 leviora
787 1170 914 1230 tautum
948 1166 983 1229 in
1017 1167 1134 1230 ceteris
1167 1165 1336 1230 codicibus

153 1271 314 1352 imprimis
348 1271 382 1335 in
415 1271 565 1336 Parisino
595 1273 625 1336 A
660 1277 806 1337 correcta
841 1273 1004 1353 leguntur.
1058 1273 1121 1339 Sed
1158 1278 1267 1337 tamen
1295 1273 1339 1352 Lg

155 1379 334 1443 auctoritas
365 1377 451 1442 tanti
482 1378 686 1443 aestimanda
715 1384 774 1461 est,
811 1384 848 1442 ut
871 1397 981 1444 omnes
1005 1379 1150 1444 eiusdem
1175 1378 1334 1444 lectiones

153 1484 272 1551 iterum
297 1492 396 1565 atque
419 1484 537 1550 iterum
571 1504 666 1564 quam
692 1485 943 1567 diligentissime
975 1487 1177 1566 perpendere
1201 1494 1234 1550 et
1257 1503 1334 1550 nus·

152 1611 250 1673 quam
266 1594 307 1656 ab
324 1592 395 1658 eius
411 1592 574 1673 scriptura
589 1593 739 1658 recedere
756 1593 939 1676 debeamus,
965 1593 1028 1658 uisi
1055 1594 1110 1658 ubi
1134 1611 1193 1657 nos
1217 1600 1335 1672 aperta

152 1700 311 1780 quaedam
336 1707 371 1764 et
394 1700 597 1775 inevitabilis
622 1709 658 1764 ut
681 1701 730 1765 ita
754 1700 857 1764 dicam
874 1701 1054 1766 necessitas
1070 1701 1102 1764 id
1120 1708 1158 1767 ut
1173 1700 1333 1765 faciamus

151 1807 248 1889 cogit.
287 1807 370 1872 Nam
395 1825 492 1886 saepe
508 1826 549 1872 ne
566 1813 675 1871 errata
693 1807 821 1888 quidem
839 1807 1056 1873 [laurentiani
1080 1809 1176 1889 plane
1199 1807 1334 1871 inutilia

152 1914 307 1980 videntur
345 1914 386 1978 ad
421 1932 533 1979 ueram
573 1915 745 1979 lectionem
784 1915 1020 1997 indagandam,
1059 1915 1087 1979 si
1123 1933 1240 1979 causas
1279 1914 1333 1979 de-

153 2021 382 2102 pravationum
421 2022 691 2102 perspexerimus.
754 2022 955 2101 Corruptelis
999 2022 1139 2101 denique
1176 2021 1253 2086 libri
1291 2020 1331 2100 L,

154 2147 237 2207 quae
260 2134 398 2210 restant,
430 2129 587 2193 sanandis
612 2128 674 2193 viri
698 2128 783 2193 docti
809 2147 879 2193 cum
905 2129 1123 2209 antiquiorum
1149 2136 1331 2209 temporum

155 2235 259 2299 veluti
281 2235 464 2318 1111111111,
494 2242 563 2300 tum
588 2235 803 2300 recentiorum
828 2235 904 2300 inde
928 2253 947 2299 1
972 2235 1138 2299 Brunckio
1162 2253 1265 2315 usque
1289 2235 1331 2298 ad

158 2345 300 2404 nostram
345 2347 485 2407 aetatem
524 2343 696 2407 maximam
737 2360 775 2406 ac
813 2361 877 2406 non
917 2339 1152 2406 infructuosam
1199 2360 1330 2420 operam

157 2445 321 2513 dederunt.

719 2609 762 2674 II.

182 2727 311 2828 lntor
345 2731 709 2830 Laurentianum
744 2732 776 2829 L
810 2735 856 2830 11
888 2731 1094 2851 reliquos
1126 2729 1326 2829 codices

550 2902 668 2993 quae
702 2875 932 2973 11111111.

259 3035 312 3100 Ad
337 3035 506 3116 Sophoclis
536 3042 663 3100 textum
693 3035 926 3100 recensendum
958 3036 1016 3099 illa
1039 3035 1208 3116 Sophoclis
1231 3035 1332 3101 editio

150 3142 291 3207 maximo
321 3150 483 3208 momento
512 3154 592 3227 1111,
627 3162 722 3223 quam
752 3142 1013 3208 Brunckins
1050 3162 1078 3207 a.
1110 3147 1331 3208 1786-1788

147 3249 367 3330 Argentorati
395 3248 485 3330 fecit,
523 3269 595 3315 cum
626 3252 728 3315 verba
763 3255 879 3330 poetae
906 3248 1108 3314 Tricliniana
1142 3250 1333 3315 recensione

148 3374 359 3383 -.--...-.-.

213 3423 239 3489 *1
258 3425 378 3479 Indicam
402 3426 529 3495 locorum,
558 3426 603 3492 qui
627 3426 735 3480 scholiis
759 3424 894 3480 emendati
918 3428 989 3492 sunt,
1020 3424 1069 3477 dat
1087 3423 1248 3492 Dindorfius,
1277 3425 1334 3478 Ad·

258 3515 414 3568 notationes
437 3515 471 3568 ad
490 3514 571 3583 Soph.
590 3515 754 3584 tragoedias.
780 3514 876 3569 Oxonii
898 3514 967 3567 1836
992 3512 1077 3580 praef.
1101 3529 1128 3579 p.
1148 3514 1190 3566 13.
1229 3512 1262 3567 cf.
1281 3514 1331 3567 Ed.

257 3600 387 3671 Wunder,
416 3603 457 3657 De
480 3590 641 3657 scholiorum
666 3604 695 3656 in
719 3602 799 3670 Soph.
824 3607 897 3671 trag.
923 3601 1094 3669 auctoritate,
1123 3601 1218 3668 Progr.
1238 3617 1331 3669 gymn.

258 3691 393 3746 Grimmae
425 3693 504 3747 1888.
554 3693 585 3747 (1.
614 3691 713 3759 Wolff,
750 3691 791 3745 De
821 3691 901 3758 Soph.
939 3689 1099 3743 schohorum
1130 3689 1210 3743 haur.
1248 3691 1332 3743 variis

257 3781 427 3838 lectionibus.
450 3783 524 3849 Lips.
550 3783 628 3841 1843.
671 3781 702 3836 0.
721 3781 809 3849 Pauli,
835 3781 875 3834 De
900 3780 1062 3834 scholiorum
1085 3778 1167 3831 Lanr.
1193 3778 1227 3832 acl
1250 3780 1331 3846 Soph.

256 3872 339 3924 verba
369 3873 538 3927 restituenda
565 3888 623 3926 usu.
656 3872 806 3940 Gottingae
836 3871 914 3925 1865.
946 3876 974 3924 11
1002 3868 1180 3935 Quaestiones
1210 3869 1269 3922 crit.
1298 3868 1332 3922 de

256 3959 338 4013 schol.
364 3960 445 4014 haur.
468 3976 528 4029 usu,
555 3961 652 4029 Progr.
677 3960 843 4027 archigymn.
870 3959 949 4012 Soest
968 3958 1047 4013 1880.
1085 3957 1147 4011 Chr.
1168 3956 1329 4024 Heimreich,

255 4048 394 4102 Kritische
418 4049 501 4105 Beitr.
525 4067 574 4105 zur
602 4049 779 4117 Wdrdigung
807 4049 855 4102 der
882 4049 957 4103 alten
981 4045 1205 4115 Soph.-SchoHen,
1234 4047 1330 4114 Progr.

255 4153 348 4205 gymn.
368 4138 445 4192 Plhn.
466 4139 543 4194 1884.

195 4222 237 4289 **)
256 4225 376 4279 Iudicem
395 4226 489 4281 horum
508 4228 626 4281 locorum
645 4227 796 4293 composuit
814 4225 938 4293 Dindorf,
964 4224 1065 4279 Adnot.
1085 4224 1119 4277 ad
1138 4224 1218 4291 Soph.
1238 4230 1331 4294 tragg.

256 4313 353 4368 Oxonii
372 4316 442 4370 1836
461 4333 486 4384 p.
505 4317 560 4371 VII
573 4332 630 4384 sqq.
