2964 4890
718 292 941 351 ...16-

355 482 436 547 Rem
460 481 564 563 igitur
594 481 690 546 aliter
719 482 857 564 aggredi
889 501 969 564 opus
993 483 1066 549 erit.
1113 482 1147 549 Si
1171 483 1431 565 meminerimus,

244 590 416 656 librarium
440 589 505 653 iem
536 589 570 653 in
594 588 689 653 initio
722 590 829 670 operis
859 590 960 656 variis
983 591 1079 657 lineis
1111 592 1228 672 ductis,
1264 582 1431 672 utsupra

244 697 488 778 descripsimus,
524 696 716 761 scholiorum
754 696 1040 764 adscribendorum
1075 698 1234 763 rationein
1270 698 1431 764 habuisse

243 813 281 871 et
308 805 342 869 in
367 811 459 869 textu
492 804 656 868 exarando
688 822 815 884 semper
845 823 997 870 versuum
1025 824 1194 870 numerum
1225 805 1260 869 in
1283 804 1430 886 singulis

247 913 378 994 paginis
402 911 443 977 ad
467 910 661 975 scholiorum
693 911 821 976 modum
852 911 1123 992 accommodasse,
1153 912 1312 994 omnibus
1348 930 1428 977 con-

244 1020 385 1085 fidenter
408 1037 513 1099 spero,
542 1036 732 1099 persuasum
758 1019 830 1098 erit,
858 1019 982 1084 scholia
1005 1019 1069 1083 ianr
1094 1020 1128 1083 in
1151 1020 1329 1100 archetypo
1353 1019 1428 1084 eius

245 1126 422 1192 exstitisse.
469 1125 502 1191 si
528 1125 695 1190 autemid
720 1144 906 1191 eoncessum
931 1134 991 1208 est,
1015 1126 1093 1207 quid
1109 1129 1227 1208 obstat,
1253 1127 1427 1206 quominus

242 1235 382 1299 eundern
423 1233 591 1297 librarium
632 1234 735 1312 primo
772 1240 896 1297 textum
931 1240 965 1298 et
1000 1234 1086 1298 haud
1125 1234 1173 1298 ita
1209 1234 1310 1298 multo
1349 1240 1427 1312 post

246 1343 370 1408 scholia
394 1360 434 1406 ex
458 1341 567 1406 eodem
600 1341 725 1405 scilicet
756 1342 933 1422 archetypo
964 1341 1229 1421 transscripsisse
1260 1347 1424 1423 putemus,

246 1449 439 1531 praesertim
472 1466 543 1512 oum
569 1448 740 1512 maximam
770 1447 1018 1513 similitudinem
1050 1448 1135 1512 inter
1160 1466 1274 1513 manus
1299 1448 1425 1528 primae

242 1557 445 1622 minusculas
469 1566 503 1620 et
526 1555 761 1620 correctionum
796 1556 849 1620 vel
873 1573 1025 1621 versuum
1059 1555 1282 1636 suppleturum
1306 1573 1425 1620 manus

241 1664 406 1729 secundae
429 1663 558 1727 litteras
582 1662 782 1727 minusculas
804 1662 1029 1742 reperiamus?

353 1788 453 1853 Aliud
478 1787 707 1868 gravissimum
733 1795 961 1868 argumentum
990 1787 1031 1851 ad
1055 1787 1252 1852 sententiam
1277 1793 1424 1850 nostram

242 1895 496 1962 confirmandam
531 1895 571 1958 H.
595 1893 724 1958 Keilius
756 1894 791 1957 in
824 1893 1024 1959 Scholiorum
1058 1895 1091 1958 in
1125 1895 1290 1974 Apollonii
1319 1893 1424 1974 Arpo-

243 2003 377 2069 nautica
401 2002 545 2066 editione
569 2019 629 2065 sua
654 2000 800 2081 protulit.
846 2001 967 2065 Exstat
990 2001 1076 2065 enim
1100 2002 1135 2065 in
1151 2010 1295 2067 extremo
1312 2000 1423 2064 codice

244 2112 281 2175 L.
309 2117 384 2190 post
407 2107 573 2188 Apollonii
596 2108 821 2188 Argonautica
853 2108 934 2173 haec
965 2109 1176 2190 subscriptio:
1215 2103 1424 2189 Παράκειται

242 2212 284 2281 τοὶ
316 2212 430 2296 σχόλια
461 2211 496 2277 ἐκ
527 2215 592 2276 τῶν
619 2214 807 2277 Λουκίλλοο
836 2216 1007 2298 Ταρραίου
1041 2216 1097 2277 καὶ
1131 2215 1334 2296 Σοφοκλέους
1368 2216 1425 2277 καὶ

245 2328 376 2394 Θέωνος
411 2333 471 2389 ect.
518 2323 609 2387 Haec
640 2323 835 2402 subscriptio
869 2323 1214 2388 minusculis·litteris
1249 2323 1355 2388 media
1387 2324 1423 2389 in

241 2433 366 2514 pagina
402 2428 478 2517 [nen
508 2431 541 2494 in
567 2430 761 2495 scholiorum
796 2430 913 2512 spatie,
950 2431 969 2494 i.
994 2431 1076 2495 ein
1101 2429 1261 2512 margine]
1299 2430 1422 2510 scripta

243 2558 360 2607 versus
395 2546 518 2619 poetae·
545 2538 635 2617 ipsos
671 2557 771 2618 parvo
806 2538 981 2603 intervallo
1016 2538 1228 2617 subsequitur
1266 2546 1299 2603 et
1335 2545 1420 2603 teste

242 2646 351 2711 Keilio
375 2644 503 2709 easdem
530 2644 716 2708 litterarum
739 2642 861 2708 formas
886 2651 985 2724 atque
1009 2661 1126 2709 versus
1149 2645 1212 2725 ipsi
1238 2646 1347 2726 habet,
1373 2645 1419 2708 ita

243 2759 280 2816 nt
304 2752 446 2816 dubitari
472 2768 605 2830 prorsus
628 2769 692 2814 non
717 2751 830 2833 possit,
862 2751 940 2830 quin
964 2756 1076 2816 textus
1099 2758 1133 2816 et
1157 2753 1356 2833 subscriptio
1380 2754 1420 2815 ab

242 2860 355 2924 eadem
390 2876 488 2922 manu
521 2858 644 2938 scripta
676 2859 752 2923 sint.
800 2858 922 2922 Eodem
958 2864 1065 2924 autem
1104 2860 1279 2924 atramenti
1316 2861 1422 2922 colore

241 2967 440 3046 subscriptio
472 2967 521 3030 ita
552 2985 622 3030 cum
655 2966 787 3031 scholiis
818 2967 978 3044 cohaeret,
1015 2974 1052 3031 ut
1075 2968 1269 3033 scholiorum
1295 2984 1421 3046 quoque

240 3074 371 3139 scribae
394 3073 578 3138 necessario
604 3073 813 3137 attribuenda
837 3074 889 3138 sit.
936 3073 1027 3156 Quae
1057 3093 1110 3138 res
1142 3095 1206 3141 non
1240 3074 1302 3139 alio
1327 3072 1420 3135 niodo

242 3180 458 3262 probabiliter
474 3180 629 3259 explicari
647 3188 765 3262 potest,
783 3181 847 3245 nisi
864 3192 900 3245 ut
917 3200 1014 3246 tinum
1032 3182 1235 3263 eundemque
1250 3179 1420 3245 librarium

244 3288 348 3367 primo
372 3294 497 3351 textum
522 3286 713 3350 minusculis
736 3287 869 3369 litteris
895 3289 1017 3352 calamo
1033 3288 1209 3367 hebetiore,
1234 3287 1421 3368 paulopost

242 3394 366 3459 scholia
410 3394 517 3475 magis
565 3401 701 3458 exacuto
741 3395 874 3475 calamo,
917 3395 1082 3475 paululum
1124 3397 1187 3462 alio
1227 3400 1418 3476 atramento,

242 3502 433 3568 maiusculis
458 3501 580 3565 litteris
604 3519 759 3565 exarasse
782 3502 1013 3567 existimemus.

351 3629 422 3692 Hae
456 3634 570 3691 nostra
604 3627 826 3707 disputatione
857 3628 985 3712 illorum
1020 3630 1183 3694 sententia
1207 3629 1289 3695 satis
1312 3628 1422 3694 redar-

242 3735 366 3817 guitur,
404 3735 457 3815 qui
492 3736 703 3817 archetypum
733 3754 752 3798 a
782 3735 885 3815 primo
918 3736 1026 3800 scriba
1061 3743 1252 3816 usurpatum
1289 3736 1422 3802 scholiis

240 3861 376 3922 prorsus
405 3842 549 3907 caruisse
572 3849 606 3906 et
630 3844 665 3907 h.
690 3842 828 3922 primurn
861 3842 964 3908 fuisse
995 3843 1176 3922 exemplum
1210 3843 1420 3924 contendunt,

246 3949 367 4028 inquo
400 3949 505 4014 textui
535 3950 658 4014 scholia
689 3950 855 4031 adscripta
885 3948 1018 4014 fuerint.
1073 3949 1134 4015 Sed
1160 3951 1188 4015 si
1212 3951 1421 4015 nihilominus

239 4056 406 4121 dubit-atio
431 4056 588 4136 quaedam
612 4064 726 4138 restat,
750 4076 826 4121 num
850 4059 912 4121 iam
937 4057 1003 4121 illis
1028 4057 1229 4137 temporibus
1253 4064 1364 4121 textus
1389 4066 1422 4121 et

239 4163 366 4227 scholia
395 4165 505 4229 eodem
536 4165 638 4248 modo,
674 4184 736 4244 quo
767 4165 801 4229 in
825 4166 862 4229 L.
886 4165 1044 4245 videmus,
1078 4166 1251 4229 coniuncta
1287 4163 1421 4244 iruerint,

242 4270 418 4335 multorum
453 4272 590 4336 aliorum
624 4264 819 4352 scriptorum
849 4271 974 4336 codices
1007 4271 1150 4337 eiusdem
1175 4271 1296 4336 aetatis
1327 4270 1362 4336 id
1386 4289 1422 4335 re
